2014.06.17 07:00:00.166,1.81589,1.81604,1.00,1.10
2014.06.17 07:00:00.469,1.81591,1.81604,1.50,1.10
2014.06.17 07:00:00.520,1.81591,1.81608,1.50,1.10
2014.06.17 07:00:00.621,1.81591,1.81608,1.84,1.10
2014.06.17 07:00:00.723,1.81597,1.81614,1.00,1.00
2014.06.17 07:00:00.824,1.81597,1.81616,1.00,1.25
2014.06.17 07:00:01.413,1.81595,1.81616,1.15,1.25
2014.06.17 07:00:01.666,1.81606,1.81616,1.00,1.00
2014.06.17 07:00:01.717,1.81606,1.81619,1.00,1.10
2014.06.17 07:00:01.919,1.81602,1.81621,1.19,1.18
2014.06.17 07:00:02.375,1.81601,1.81621,1.19,1.00
2014.06.17 07:00:02.896,1.81604,1.81623,1.25,1.58
2014.06.17 07:00:03.413,1.81604,1.81623,1.25,1.50
2014.06.17 07:00:04.144,1.81604,1.81616,1.00,1.10
2014.06.17 07:00:04.245,1.816,1.81616,1.18,1.10
2014.06.17 07:00:04.346,1.816,1.81618,1.18,1.10
2014.06.17 07:00:04.865,1.816,1.81618,1.00,1.10
2014.06.17 07:00:05.629,1.81596,1.81617,1.72,1.00
2014.06.17 07:00:06.366,1.81599,1.81618,1.02,1.58
2014.06.17 07:00:06.849,1.81599,1.81613,1.10,1.00
2014.06.17 07:00:07.405,1.81599,1.81618,1.10,1.50
2014.06.17 07:00:08.501,1.81599,1.81618,1.29,1.50
2014.06.17 07:00:09.537,1.81599,1.81615,1.29,1.10
2014.06.17 07:00:09.689,1.81599,1.81617,1.10,1.10
2014.06.17 07:00:12.387,1.81601,1.81617,1.00,1.10
2014.06.17 07:00:12.971,1.81601,1.81618,1.00,1.00
2014.06.17 07:00:13.639,1.81601,1.81618,1.00,1.08
2014.06.17 07:00:13.892,1.81591,1.8161,1.25,1.00
2014.06.17 07:00:14.096,1.81597,1.8161,1.00,1.10
2014.06.17 07:00:15.102,1.81596,1.81612,1.00,1.15
2014.06.17 07:00:16.458,1.81596,1.81612,1.00,1.10
2014.06.17 07:00:17.136,1.81596,1.81614,1.00,1.00
2014.06.17 07:00:17.686,1.81597,1.81614,1.00,1.00
2014.06.17 07:00:20.376,1.81601,1.81614,1.00,1.00
2014.06.17 07:00:21.155,1.81597,1.81614,1.25,1.00
2014.06.17 07:00:22.896,1.81595,1.81614,1.25,1.00
2014.06.17 07:00:24.681,1.81592,1.81609,1.19,1.00
2014.06.17 07:00:24.985,1.81592,1.81607,1.19,1.00
2014.06.17 07:00:25.387,1.81591,1.81607,1.29,1.00
2014.06.17 07:00:25.438,1.81587,1.81603,1.32,1.00
2014.06.17 07:00:26.413,1.81587,1.81603,1.19,1.00
2014.06.17 07:00:27.382,1.81587,1.81603,1.19,1.00
2014.06.17 07:00:28.703,1.81587,1.81603,1.19,1.00
2014.06.17 07:00:30.489,1.81592,1.81603,1.00,1.00
2014.06.17 07:00:34.562,1.81586,1.81603,2.29,1.00
2014.06.17 07:00:34.670,1.81591,1.81603,1.00,1.00
2014.06.17 07:00:35.765,1.81586,1.81603,2.29,1.00
2014.06.17 07:00:36.259,1.81582,1.81599,1.38,1.00
2014.06.17 07:00:36.413,1.81582,1.81597,1.00,1.00
2014.06.17 07:00:36.463,1.81578,1.81593,1.29,1.00
2014.06.17 07:00:36.793,1.81577,1.81589,1.29,1.00
2014.06.17 07:00:37.049,1.81577,1.81589,1.10,1.00
2014.06.17 07:00:37.418,1.81572,1.81589,1.55,1.00
2014.06.17 07:00:37.519,1.81572,1.81589,1.18,1.00
2014.06.17 07:00:37.621,1.81572,1.81588,1.10,1.08
2014.06.17 07:00:37.823,1.81566,1.81585,2.07,1.00
2014.06.17 07:00:38.413,1.81571,1.81585,1.00,1.00
2014.06.17 07:00:38.729,1.81576,1.81585,1.00,1.00
2014.06.17 07:00:38.881,1.81571,1.81585,1.10,1.00
2014.06.17 07:00:38.982,1.81571,1.81588,1.18,1.00
2014.06.17 07:00:39.764,1.81577,1.81588,1.00,1.00
2014.06.17 07:00:40.068,1.81582,1.81592,1.00,1.00
2014.06.17 07:00:40.422,1.81576,1.81592,1.37,1.00
2014.06.17 07:00:41.304,1.81576,1.81592,1.37,1.00
2014.06.17 07:00:41.405,1.81576,1.8159,1.37,1.00
2014.06.17 07:00:41.719,1.81576,1.8159,1.00,1.00
2014.06.17 07:00:43.287,1.81577,1.8159,1.00,1.00
2014.06.17 07:00:44.368,1.81577,1.81596,2.70,1.00
2014.06.17 07:00:44.768,1.81575,1.81596,1.13,1.00
2014.06.17 07:00:44.818,1.81573,1.81594,1.74,1.00
2014.06.17 07:00:45.122,1.81577,1.8159,1.00,1.00
2014.06.17 07:00:45.274,1.81577,1.81592,1.00,1.00
2014.06.17 07:00:45.783,1.81577,1.81591,1.00,1.00
2014.06.17 07:00:46.291,1.81576,1.81591,1.00,1.00
2014.06.17 07:00:47.354,1.81576,1.81593,1.10,1.00
2014.06.17 07:00:47.456,1.81582,1.81593,1.00,1.00
2014.06.17 07:00:47.557,1.81582,1.81596,1.00,1.00
2014.06.17 07:00:47.659,1.81577,1.81596,1.39,1.00
2014.06.17 07:00:47.808,1.81577,1.81596,1.02,1.00
2014.06.17 07:00:47.909,1.81576,1.81594,1.37,1.00
2014.06.17 07:00:48.442,1.81577,1.81595,1.25,1.00
2014.06.17 07:00:49.759,1.81576,1.81595,1.25,1.00
2014.06.17 07:00:50.296,1.81576,1.81594,1.25,1.00
2014.06.17 07:00:51.749,1.81573,1.81594,1.25,1.20
2014.06.17 07:00:51.850,1.81572,1.81591,1.19,1.00
2014.06.17 07:00:52.369,1.81572,1.81591,1.19,1.08
2014.06.17 07:00:52.880,1.81572,1.81591,1.00,1.08
2014.06.17 07:00:53.368,1.81576,1.81591,1.00,1.08
2014.06.17 07:00:53.894,1.81576,1.81591,1.00,1.00
2014.06.17 07:00:54.608,1.81576,1.81591,1.00,1.08
2014.06.17 07:00:54.912,1.81569,1.8159,1.00,2.52
2014.06.17 07:00:54.962,1.81569,1.81581,1.00,1.10
2014.06.17 07:00:55.064,1.81567,1.81584,1.50,1.25
2014.06.17 07:00:56.362,1.81567,1.81584,1.00,1.29
2014.06.17 07:00:57.806,1.81567,1.81584,1.00,1.29
2014.06.17 07:00:58.796,1.81567,1.81584,1.00,1.29
2014.06.17 07:01:00.485,1.81567,1.81581,1.00,1.10
2014.06.17 07:01:00.995,1.81567,1.8158,1.00,1.10
2014.06.17 07:01:01.298,1.81565,1.8158,1.00,1.10
2014.06.17 07:01:02.264,1.81565,1.8158,1.38,1.10
2014.06.17 07:01:02.573,1.81577,1.81582,1.00,1.10
2014.06.17 07:01:02.865,1.81577,1.81589,1.00,1.00
2014.06.17 07:01:03.437,1.81577,1.81582,1.00,1.10
2014.06.17 07:01:03.860,1.81571,1.81582,1.00,1.10
2014.06.17 07:01:04.185,1.81571,1.81586,1.00,1.10
2014.06.17 07:01:04.387,1.81577,1.81586,1.00,1.10
2014.06.17 07:01:04.593,1.81571,1.81587,1.50,1.10
2014.06.17 07:01:04.821,1.81577,1.81586,1.00,1.10
2014.06.17 07:01:04.973,1.81577,1.81588,1.00,1.10
2014.06.17 07:01:05.277,1.81577,1.81586,1.00,1.10
2014.06.17 07:01:07.041,1.81571,1.81586,1.50,1.10
2014.06.17 07:01:07.569,1.81571,1.81585,1.00,1.10
2014.06.17 07:01:09.681,1.81571,1.81586,1.00,1.10
2014.06.17 07:01:13.869,1.81568,1.81586,1.00,1.18
2014.06.17 07:01:13.970,1.81568,1.81581,1.00,1.10
2014.06.17 07:01:14.946,1.81568,1.81578,1.00,1.10
2014.06.17 07:01:15.047,1.81566,1.81578,1.00,1.10
2014.06.17 07:01:15.300,1.81566,1.8158,1.00,1.10
2014.06.17 07:01:15.705,1.81572,1.81581,1.00,1.10
2014.06.17 07:01:16.399,1.81572,1.81583,1.00,1.10
2014.06.17 07:01:16.500,1.81572,1.81581,1.00,1.10
2014.06.17 07:01:16.602,1.81572,1.81583,1.00,1.10
2014.06.17 07:01:16.920,1.81571,1.81585,1.00,1.10
2014.06.17 07:01:17.125,1.81576,1.81585,1.00,1.10
2014.06.17 07:01:17.463,1.81576,1.81589,1.00,1.73
2014.06.17 07:01:18.002,1.81576,1.81588,1.00,1.39
2014.06.17 07:01:18.053,1.81576,1.81588,1.00,1.44
2014.06.17 07:01:18.360,1.81564,1.81582,1.19,1.48
2014.06.17 07:01:18.512,1.81561,1.81579,1.20,1.00
2014.06.17 07:01:18.563,1.81571,1.81582,1.00,1.00
2014.06.17 07:01:19.085,1.81572,1.81582,1.00,1.00
2014.06.17 07:01:19.438,1.81575,1.81582,1.00,1.00
2014.06.17 07:01:19.920,1.81571,1.81581,1.00,1.00
2014.06.17 07:01:20.441,1.81572,1.81581,1.00,1.00
2014.06.17 07:01:21.092,1.81572,1.81584,1.00,1.00
2014.06.17 07:01:21.194,1.81566,1.81584,1.00,1.00
2014.06.17 07:01:23.973,1.81566,1.81587,1.69,1.18
2014.06.17 07:01:24.175,1.81572,1.81587,1.00,1.18
2014.06.17 07:01:25.902,1.81572,1.81587,1.00,1.00
2014.06.17 07:01:26.615,1.81572,1.81588,1.00,1.20
2014.06.17 07:01:27.159,1.81571,1.81589,1.00,1.37
2014.06.17 07:01:27.423,1.81571,1.8159,1.00,1.65
2014.06.17 07:01:27.575,1.81576,1.8159,1.00,1.10
2014.06.17 07:01:27.943,1.81572,1.81592,1.08,1.77
2014.06.17 07:01:28.145,1.81577,1.81592,1.00,1.19
2014.06.17 07:01:28.958,1.81577,1.81592,1.00,1.09
2014.06.17 07:01:29.486,1.81576,1.81592,1.00,1.09
2014.06.17 07:01:29.890,1.81572,1.81592,1.00,1.09
2014.06.17 07:01:30.345,1.81576,1.81592,1.00,1.92
2014.06.17 07:01:30.716,1.81571,1.81591,1.50,1.02
2014.06.17 07:01:34.615,1.81572,1.81591,1.00,1.10
2014.06.17 07:01:35.125,1.81572,1.81592,1.00,1.09
2014.06.17 07:01:35.646,1.81576,1.81594,1.00,1.19
2014.06.17 07:01:36.480,1.81576,1.81594,1.00,1.25
2014.06.17 07:01:36.770,1.81576,1.81597,1.00,1.02
2014.06.17 07:01:37.173,1.81582,1.81597,1.00,1.10
2014.06.17 07:01:37.709,1.81581,1.81597,1.00,1.10
2014.06.17 07:01:38.575,1.81576,1.81597,1.19,1.10
2014.06.17 07:01:39.080,1.81579,1.81598,1.00,1.18
2014.06.17 07:01:39.513,1.81579,1.81598,1.33,1.00
2014.06.17 07:01:39.614,1.81581,1.816,1.10,1.00
2014.06.17 07:01:39.715,1.81582,1.81602,1.00,1.10
2014.06.17 07:01:40.292,1.81582,1.81603,1.50,1.10
2014.06.17 07:01:40.761,1.81582,1.81603,1.77,1.00
2014.06.17 07:01:41.341,1.81585,1.81606,1.00,1.67
2014.06.17 07:01:42.490,1.81585,1.81603,1.00,1.00
2014.06.17 07:01:43.117,1.81585,1.81603,1.18,1.19
2014.06.17 07:01:43.631,1.81585,1.81604,1.15,1.19
2014.06.17 07:01:44.461,1.81585,1.81604,1.15,1.10
2014.06.17 07:01:45.358,1.81585,1.81604,1.18,1.10
2014.06.17 07:01:45.477,1.81585,1.81602,1.18,1.10
2014.06.17 07:01:46.343,1.81585,1.81602,1.00,1.10
2014.06.17 07:01:46.904,1.81585,1.81603,1.00,1.58
2014.06.17 07:01:47.056,1.81583,1.81602,1.00,1.00
2014.06.17 07:01:47.763,1.81583,1.81602,1.00,1.15
2014.06.17 07:01:48.545,1.81583,1.81602,1.00,1.00
2014.06.17 07:01:49.155,1.81583,1.81602,1.19,1.00
2014.06.17 07:01:49.458,1.81588,1.81606,1.00,1.35
2014.06.17 07:01:49.710,1.81588,1.81609,1.18,1.19
2014.06.17 07:01:50.470,1.81588,1.81609,1.18,1.00
2014.06.17 07:01:51.804,1.81592,1.8161,1.00,1.10
2014.06.17 07:01:52.330,1.81592,1.81611,1.00,1.25
2014.06.17 07:01:53.136,1.81596,1.81615,1.00,1.34
2014.06.17 07:01:53.237,1.81593,1.81614,1.00,1.37
2014.06.17 07:01:54.049,1.8159,1.81609,1.00,2.07
2014.06.17 07:01:54.102,1.81582,1.81598,1.00,1.10
2014.06.17 07:01:54.979,1.81578,1.81598,1.19,1.10
2014.06.17 07:01:55.487,1.81578,1.81598,1.19,1.10
2014.06.17 07:01:56.053,1.81578,1.81599,1.19,1.00
2014.06.17 07:01:56.593,1.81578,1.81599,1.00,1.19
2014.06.17 07:01:56.695,1.81578,1.81592,1.00,1.10
2014.06.17 07:01:56.745,1.81576,1.81592,1.09,1.10
2014.06.17 07:01:57.226,1.81576,1.8159,1.20,1.10
2014.06.17 07:01:57.428,1.81573,1.81591,1.09,1.10
2014.06.17 07:01:57.883,1.81573,1.81588,1.00,1.10
2014.06.17 07:01:58.526,1.8157,1.81588,1.00,1.10
2014.06.17 07:01:58.982,1.8157,1.81588,1.00,1.29
2014.06.17 07:01:59.804,1.8157,1.81588,1.00,1.25
2014.06.17 07:02:00.056,1.81567,1.81588,1.58,2.14
2014.06.17 07:02:00.510,1.81567,1.81588,1.00,1.47
2014.06.17 07:02:01.166,1.81572,1.81588,1.00,1.72
2014.06.17 07:02:01.250,1.81567,1.81588,1.50,2.22
2014.06.17 07:02:01.361,1.81567,1.81583,1.00,1.00
2014.06.17 07:02:01.513,1.81567,1.81586,1.00,1.82
2014.06.17 07:02:01.818,1.81567,1.81584,1.00,1.08
2014.06.17 07:02:03.174,1.81567,1.81584,1.00,1.34
2014.06.17 07:02:04.259,1.81567,1.81583,1.00,1.09
2014.06.17 07:02:05.252,1.81567,1.81583,1.00,1.39
2014.06.17 07:02:05.353,1.81565,1.81583,1.00,1.39
2014.06.17 07:02:06.342,1.81565,1.81583,1.00,1.25
2014.06.17 07:02:06.963,1.81567,1.81586,1.00,3.04
2014.06.17 07:02:07.075,1.81565,1.81584,1.00,1.29
2014.06.17 07:02:10.855,1.81569,1.81584,1.00,1.00
2014.06.17 07:02:11.363,1.81569,1.81588,1.00,2.59
2014.06.17 07:02:12.793,1.81569,1.81584,1.00,1.00
2014.06.17 07:02:13.312,1.81569,1.81588,1.00,1.77
2014.06.17 07:02:14.052,1.81569,1.81588,1.00,2.52
2014.06.17 07:02:16.369,1.81569,1.81587,1.00,1.29
2014.06.17 07:02:17.194,1.81566,1.81586,1.00,1.19
2014.06.17 07:02:17.804,1.81566,1.81586,1.00,1.69
2014.06.17 07:02:18.067,1.81568,1.81586,1.00,1.19
2014.06.17 07:02:18.674,1.81568,1.81587,1.00,1.29
2014.06.17 07:02:20.825,1.81568,1.81585,1.00,1.19
2014.06.17 07:02:22.190,1.81568,1.81585,1.00,1.19
2014.06.17 07:02:23.573,1.81572,1.81585,1.00,1.19
2014.06.17 07:02:23.716,1.81572,1.81588,1.00,1.27
2014.06.17 07:02:25.706,1.81572,1.81589,1.00,1.37
2014.06.17 07:02:26.819,1.81572,1.81589,1.00,1.84
2014.06.17 07:02:27.940,1.81572,1.81589,1.00,1.69
2014.06.17 07:02:28.093,1.81577,1.81589,1.00,1.69
2014.06.17 07:02:28.303,1.81571,1.81589,1.00,1.69
2014.06.17 07:02:29.623,1.81577,1.81589,1.00,1.77
2014.06.17 07:02:29.928,1.81577,1.81589,1.00,1.19
2014.06.17 07:02:30.063,1.81572,1.81589,1.00,1.19
2014.06.17 07:02:30.591,1.81571,1.81589,1.00,1.19
2014.06.17 07:02:31.133,1.81571,1.81589,1.00,1.19
2014.06.17 07:02:33.347,1.81571,1.81589,1.00,1.69
2014.06.17 07:02:34.357,1.81572,1.81589,1.00,1.69
2014.06.17 07:02:34.458,1.81572,1.81589,1.00,1.19
2014.06.17 07:02:34.559,1.81572,1.81587,1.00,1.19
2014.06.17 07:02:34.610,1.81568,1.81587,1.20,1.19
2014.06.17 07:02:34.711,1.81566,1.81585,1.50,1.84
2014.06.17 07:02:34.762,1.81566,1.81584,1.50,1.29
2014.06.17 07:02:35.168,1.81567,1.81586,1.00,2.59
2014.06.17 07:02:35.269,1.81565,1.81584,1.00,1.19
2014.06.17 07:02:35.600,1.81567,1.81586,1.00,2.52
2014.06.17 07:02:36.362,1.81567,1.81586,1.00,1.69
2014.06.17 07:02:36.867,1.81567,1.81586,1.08,1.69
2014.06.17 07:02:37.213,1.81572,1.81586,1.00,1.19
2014.06.17 07:02:37.365,1.81569,1.81586,1.00,1.19
2014.06.17 07:02:37.478,1.81571,1.81586,1.00,1.19
2014.06.17 07:02:39.648,1.8157,1.81586,1.00,1.19
2014.06.17 07:02:40.182,1.81569,1.81583,1.00,1.29
2014.06.17 07:02:42.719,1.81567,1.81583,1.08,1.29
2014.06.17 07:02:43.354,1.81567,1.81583,1.00,1.29
2014.06.17 07:02:43.456,1.81565,1.81581,1.10,1.10
2014.06.17 07:02:43.933,1.81566,1.81583,1.08,1.19
2014.06.17 07:02:45.090,1.81566,1.81583,1.18,1.25
2014.06.17 07:02:46.143,1.81572,1.81583,1.00,1.00
2014.06.17 07:02:51.186,1.81566,1.81583,1.18,1.00
2014.06.17 07:02:51.292,1.81572,1.81583,1.00,1.00
2014.06.17 07:02:51.837,1.81571,1.81585,1.00,1.19
2014.06.17 07:02:51.887,1.81567,1.81585,1.10,1.19
2014.06.17 07:02:52.122,1.81567,1.81585,1.10,1.25
2014.06.17 07:02:52.833,1.81571,1.81585,1.00,1.25
2014.06.17 07:02:53.076,1.81567,1.81585,1.10,1.25
2014.06.17 07:02:53.189,1.81572,1.81585,1.00,1.25
2014.06.17 07:02:53.603,1.81566,1.81585,1.65,1.25
2014.06.17 07:02:53.873,1.81572,1.81585,1.00,1.25
2014.06.17 07:02:54.382,1.81572,1.81585,1.00,1.19
2014.06.17 07:02:55.149,1.81572,1.81585,1.00,1.25
2014.06.17 07:02:56.455,1.81572,1.81585,1.00,1.19
2014.06.17 07:02:58.672,1.81572,1.81585,1.00,1.19
2014.06.17 07:03:00.534,1.81571,1.81586,1.00,1.77
2014.06.17 07:03:01.703,1.81571,1.81586,1.00,1.25
2014.06.17 07:03:04.603,1.81576,1.81586,1.00,1.25
2014.06.17 07:03:05.164,1.81577,1.81586,1.00,1.00
2014.06.17 07:03:06.148,1.81576,1.81586,1.00,1.00
2014.06.17 07:03:06.250,1.81576,1.8159,1.00,1.19
2014.06.17 07:03:06.802,1.81576,1.81587,1.00,1.00
2014.06.17 07:03:08.052,1.81576,1.8159,1.00,1.77
2014.06.17 07:03:08.759,1.81576,1.81585,1.00,1.19
2014.06.17 07:03:08.911,1.81566,1.81585,1.65,1.19
2014.06.17 07:03:08.962,1.81566,1.81582,1.65,1.29
2014.06.17 07:03:09.482,1.81567,1.8158,1.00,1.19
2014.06.17 07:03:10.184,1.81567,1.8158,1.00,1.00
2014.06.17 07:03:10.235,1.81567,1.81583,1.00,1.19
2014.06.17 07:03:10.407,1.81567,1.81587,1.08,1.19
2014.06.17 07:03:10.462,1.81571,1.81587,1.00,1.19
2014.06.17 07:03:10.766,1.81581,1.81594,1.00,1.84
2014.06.17 07:03:10.867,1.81581,1.81594,1.00,1.77
2014.06.17 07:03:11.416,1.81582,1.81594,1.00,1.19
2014.06.17 07:03:11.669,1.81575,1.81594,1.00,1.19
2014.06.17 07:03:11.720,1.81575,1.81589,1.00,1.10
2014.06.17 07:03:11.872,1.81572,1.81589,1.10,1.10
2014.06.17 07:03:11.923,1.81572,1.81587,1.10,1.10
2014.06.17 07:03:12.024,1.81572,1.81591,1.10,1.25
2014.06.17 07:03:12.133,1.81572,1.81589,1.10,1.10
2014.06.17 07:03:12.437,1.81569,1.81588,1.00,1.19
2014.06.17 07:03:12.853,1.81569,1.81588,1.00,1.69
2014.06.17 07:03:13.163,1.81571,1.81588,1.00,1.69
2014.06.17 07:03:17.913,1.81569,1.81585,1.00,1.29
2014.06.17 07:03:18.657,1.81569,1.81583,1.00,1.10
2014.06.17 07:03:19.161,1.81569,1.81585,1.00,1.29
2014.06.17 07:03:19.728,1.81569,1.81585,1.00,1.29
2014.06.17 07:03:20.483,1.81567,1.81583,1.00,1.02
2014.06.17 07:03:22.090,1.81567,1.81583,1.10,1.77
2014.06.17 07:03:22.444,1.81565,1.81583,1.00,1.29
2014.06.17 07:03:22.798,1.81565,1.81583,1.00,1.84
2014.06.17 07:03:23.184,1.81561,1.81578,1.00,1.19
2014.06.17 07:03:23.915,1.81561,1.81578,1.00,1.19
2014.06.17 07:03:24.624,1.81562,1.81578,1.00,1.00
2014.06.17 07:03:24.877,1.81566,1.81578,1.00,1.00
2014.06.17 07:03:25.180,1.81567,1.81582,1.00,1.25
2014.06.17 07:03:26.748,1.81566,1.81582,1.00,1.25
2014.06.17 07:03:29.385,1.81577,1.81586,1.00,1.69
2014.06.17 07:03:29.435,1.81577,1.81586,1.00,1.00
2014.06.17 07:03:29.587,1.81577,1.81592,1.00,1.77
2014.06.17 07:03:29.688,1.81582,1.81594,1.00,1.00
2014.06.17 07:03:30.145,1.81576,1.81597,1.58,1.19
2014.06.17 07:03:30.348,1.81582,1.81597,1.00,1.19
2014.06.17 07:03:30.550,1.81582,1.81599,1.00,1.33
2014.06.17 07:03:30.711,1.81584,1.81599,1.10,1.00
2014.06.17 07:03:30.812,1.81584,1.81602,1.10,1.25
2014.06.17 07:03:30.913,1.81587,1.81602,1.00,1.25
2014.06.17 07:03:31.437,1.81586,1.81602,1.00,1.25
2014.06.17 07:03:32.886,1.81592,1.81602,1.00,1.00
2014.06.17 07:03:33.303,1.81592,1.81604,1.00,1.00
2014.06.17 07:03:35.422,1.81586,1.81604,1.00,1.00
2014.06.17 07:03:36.479,1.81586,1.81604,1.08,1.00
2014.06.17 07:03:36.631,1.8159,1.81608,1.00,1.19
2014.06.17 07:03:36.915,1.81591,1.81609,1.00,1.19
2014.06.17 07:03:36.966,1.81593,1.81611,1.00,1.29
2014.06.17 07:03:37.319,1.81593,1.81612,1.58,1.19
2014.06.17 07:03:38.147,1.81593,1.81612,1.73,1.19
2014.06.17 07:03:38.198,1.81593,1.81609,1.18,1.00
2014.06.17 07:03:38.649,1.81593,1.81612,1.00,1.77
2014.06.17 07:03:38.976,1.81593,1.81609,1.00,1.10
2014.06.17 07:03:39.178,1.81593,1.81612,1.00,1.77
2014.06.17 07:03:39.702,1.81593,1.81612,1.00,1.77
2014.06.17 07:03:40.251,1.81593,1.8161,1.00,1.19
2014.06.17 07:03:40.613,1.81596,1.8161,1.00,1.19
2014.06.17 07:03:40.863,1.81593,1.8161,1.00,1.19
2014.06.17 07:03:40.964,1.81593,1.81612,1.00,1.25
2014.06.17 07:03:41.015,1.81595,1.81613,1.00,1.19
2014.06.17 07:03:41.544,1.81595,1.81611,1.00,1.10
2014.06.17 07:03:41.906,1.81593,1.81612,1.10,1.25
2014.06.17 07:03:42.232,1.81593,1.81611,1.10,1.19
2014.06.17 07:03:42.625,1.81597,1.81611,1.00,1.19
2014.06.17 07:03:45.902,1.81593,1.81611,1.00,1.77
2014.06.17 07:03:46.450,1.81593,1.81607,1.00,1.10
2014.06.17 07:03:46.673,1.81593,1.81602,1.00,1.10
2014.06.17 07:03:46.775,1.8159,1.81602,1.08,1.10
2014.06.17 07:03:46.929,1.81596,1.81602,1.00,1.10
2014.06.17 07:03:46.980,1.81596,1.81609,1.00,1.19
2014.06.17 07:03:47.500,1.81596,1.81609,1.00,1.00
2014.06.17 07:03:48.691,1.8159,1.81609,1.08,1.25
2014.06.17 07:03:48.750,1.8159,1.81601,1.08,1.10
2014.06.17 07:03:48.851,1.81587,1.81601,1.58,1.10
2014.06.17 07:03:49.917,1.81587,1.81602,1.10,1.10
2014.06.17 07:03:50.470,1.81587,1.81601,1.58,1.10
2014.06.17 07:03:52.434,1.81587,1.81604,1.58,1.02
2014.06.17 07:03:56.308,1.81587,1.81604,1.00,1.29
2014.06.17 07:03:56.627,1.81584,1.81603,1.10,1.25
2014.06.17 07:03:57.930,1.81587,1.81603,1.00,1.00
2014.06.17 07:03:58.032,1.81584,1.81601,1.00,1.10
2014.06.17 07:04:00.435,1.81584,1.81601,1.08,1.10
2014.06.17 07:04:00.724,1.81587,1.81601,1.00,1.10
2014.06.17 07:04:01.492,1.81587,1.816,1.50,1.10
2014.06.17 07:04:01.925,1.81583,1.816,1.00,1.10
2014.06.17 07:04:03.162,1.81583,1.81601,1.00,1.10
2014.06.17 07:04:04.837,1.81586,1.81601,1.00,1.10
2014.06.17 07:04:05.738,1.81586,1.81604,1.10,1.00
2014.06.17 07:04:05.889,1.81587,1.81606,1.00,1.02
2014.06.17 07:04:10.854,1.8159,1.81606,1.00,1.10
2014.06.17 07:04:12.670,1.8159,1.81602,1.00,1.10
2014.06.17 07:04:12.821,1.81585,1.81602,1.18,1.10
2014.06.17 07:04:13.366,1.81585,1.81601,1.00,1.10
2014.06.17 07:04:13.518,1.81585,1.81606,1.00,1.19
2014.06.17 07:04:13.619,1.81592,1.81606,1.10,1.19
2014.06.17 07:04:13.670,1.81592,1.81606,1.10,1.00
2014.06.17 07:04:13.861,1.81596,1.81609,1.00,1.08
2014.06.17 07:04:13.914,1.81596,1.81614,1.00,1.00
2014.06.17 07:04:13.965,1.81602,1.81614,1.10,1.00
2014.06.17 07:04:14.016,1.81602,1.81616,1.10,1.00
2014.06.17 07:04:14.168,1.81602,1.81621,1.10,1.19
2014.06.17 07:04:15.108,1.81602,1.81621,1.10,1.25
2014.06.17 07:04:15.619,1.81601,1.81621,1.65,1.25
2014.06.17 07:04:15.833,1.81601,1.81621,1.65,1.25
2014.06.17 07:04:16.138,1.81613,1.81632,1.40,1.00
2014.06.17 07:04:16.442,1.81618,1.81637,1.58,1.00
2014.06.17 07:04:16.543,1.81623,1.81642,1.00,1.37
2014.06.17 07:04:16.796,1.81624,1.81644,1.00,1.25
2014.06.17 07:04:17.000,1.81623,1.81642,1.38,1.00
2014.06.17 07:04:17.152,1.81625,1.81644,1.00,1.25
2014.06.17 07:04:17.203,1.81628,1.81646,1.00,1.47
2014.06.17 07:04:17.355,1.81626,1.81646,1.00,1.20
2014.06.17 07:04:17.406,1.81626,1.81646,1.19,1.20
2014.06.17 07:04:17.507,1.81628,1.81649,1.77,1.15
2014.06.17 07:04:17.608,1.81631,1.81651,1.00,1.34
2014.06.17 07:04:17.860,1.81631,1.81654,1.50,1.34
2014.06.17 07:04:18.538,1.81631,1.81649,1.00,1.08
2014.06.17 07:04:19.704,1.81627,1.81648,1.19,1.18
2014.06.17 07:04:19.908,1.81624,1.81644,1.02,1.58
2014.06.17 07:04:20.059,1.81623,1.81644,1.00,1.92
2014.06.17 07:04:20.262,1.81618,1.81643,1.39,1.09
2014.06.17 07:04:20.363,1.81617,1.81639,1.19,1.10
2014.06.17 07:04:20.869,1.81617,1.81638,1.57,1.00
2014.06.17 07:04:22.101,1.81617,1.81639,1.19,1.10
2014.06.17 07:04:22.407,1.81615,1.81639,2.14,1.65
2014.06.17 07:04:22.910,1.81615,1.81639,2.14,1.65
2014.06.17 07:04:23.929,1.81615,1.81639,2.14,1.84
2014.06.17 07:04:28.310,1.81613,1.81637,1.29,1.20
2014.06.17 07:04:28.360,1.81613,1.81637,1.29,1.39
2014.06.17 07:04:28.562,1.81612,1.81631,1.58,1.00
2014.06.17 07:04:28.764,1.81613,1.81629,1.10,1.00
2014.06.17 07:04:28.866,1.81613,1.81633,1.10,1.08
2014.06.17 07:04:29.342,1.81611,1.81633,1.10,1.77
2014.06.17 07:04:29.393,1.81611,1.81633,1.10,1.84
2014.06.17 07:04:29.443,1.81607,1.81633,1.19,2.14
2014.06.17 07:04:30.080,1.81606,1.81629,1.84,1.37
2014.06.17 07:04:30.131,1.81612,1.8163,1.00,1.34
2014.06.17 07:04:30.536,1.81611,1.8163,1.00,1.25
2014.06.17 07:04:31.050,1.81612,1.8163,1.10,1.25
2014.06.17 07:04:31.949,1.81611,1.8163,1.00,1.00
2014.06.17 07:04:32.637,1.81612,1.8163,1.10,1.00
2014.06.17 07:04:33.109,1.81616,1.8163,1.00,1.00
2014.06.17 07:04:34.994,1.81617,1.8163,1.00,1.00
2014.06.17 07:04:36.084,1.81611,1.8163,1.58,1.00
2014.06.17 07:04:37.606,1.81616,1.8163,1.00,1.00
2014.06.17 07:04:38.054,1.81611,1.8163,1.65,1.00
2014.06.17 07:04:38.677,1.81611,1.81632,1.65,1.19
2014.06.17 07:04:39.227,1.81611,1.81632,1.65,1.25
2014.06.17 07:04:39.470,1.81613,1.81632,1.10,1.25
2014.06.17 07:04:40.726,1.81613,1.81632,1.10,1.19
2014.06.17 07:04:42.039,1.81613,1.81632,1.10,1.25
2014.06.17 07:04:42.090,1.81611,1.81632,1.65,1.25
2014.06.17 07:04:42.320,1.81616,1.81632,1.00,1.25
2014.06.17 07:04:44.081,1.81611,1.81632,1.02,1.00
2014.06.17 07:04:44.632,1.81612,1.81632,1.00,1.00
2014.06.17 07:04:45.042,1.8161,1.81632,1.47,1.00
2014.06.17 07:04:45.696,1.81612,1.81632,1.18,1.00
2014.06.17 07:04:46.210,1.81612,1.81632,1.10,1.00
2014.06.17 07:04:48.193,1.81612,1.81633,1.10,1.25
2014.06.17 07:04:48.539,1.81616,1.81633,1.00,1.25
2014.06.17 07:04:52.555,1.81612,1.81633,1.10,1.00
2014.06.17 07:04:52.820,1.81612,1.81633,1.15,1.00
2014.06.17 07:04:53.123,1.81621,1.81638,1.00,1.39
2014.06.17 07:04:53.325,1.81613,1.81638,1.33,1.84
2014.06.17 07:04:53.426,1.81613,1.81633,1.00,1.29
2014.06.17 07:04:53.578,1.81611,1.81633,1.00,1.39
2014.06.17 07:04:53.679,1.81617,1.81633,1.00,1.39
2014.06.17 07:04:53.790,1.81611,1.81633,1.00,1.39
2014.06.17 07:04:54.492,1.81611,1.81631,1.00,1.10
2014.06.17 07:04:55.384,1.8161,1.81631,1.00,1.29
2014.06.17 07:04:55.437,1.81607,1.81631,1.00,1.82
2014.06.17 07:04:55.640,1.81612,1.81631,1.00,1.82
2014.06.17 07:04:55.842,1.81612,1.81631,1.00,1.00
2014.06.17 07:04:56.095,1.81617,1.81631,1.00,1.00
2014.06.17 07:04:56.247,1.81617,1.81635,1.00,1.77
2014.06.17 07:04:56.449,1.81611,1.81635,1.84,1.19
2014.06.17 07:04:56.499,1.81611,1.81635,1.84,1.00
2014.06.17 07:04:56.823,1.81616,1.81635,1.18,1.00
2014.06.17 07:04:56.906,1.81616,1.81637,1.18,1.10
2014.06.17 07:04:59.415,1.81622,1.81637,1.00,1.10
2014.06.17 07:04:59.839,1.81614,1.81637,1.34,1.10
2014.06.17 07:05:00.363,1.81621,1.81636,1.00,1.10
2014.06.17 07:05:00.515,1.81616,1.81638,1.18,1.19
2014.06.17 07:05:01.047,1.81614,1.81636,1.34,1.10
2014.06.17 07:05:01.552,1.81617,1.81637,1.02,1.10
2014.06.17 07:05:02.060,1.81614,1.81636,1.34,1.10
2014.06.17 07:05:02.716,1.81617,1.81638,1.02,1.58
2014.06.17 07:05:02.969,1.81614,1.81636,1.34,1.10
2014.06.17 07:05:03.823,1.81616,1.81636,1.25,1.10
2014.06.17 07:05:04.344,1.81616,1.81635,1.25,1.00
2014.06.17 07:05:05.793,1.81617,1.81635,1.00,1.00
2014.06.17 07:05:07.072,1.81621,1.81635,1.00,1.00
2014.06.17 07:05:07.434,1.81616,1.81635,1.09,1.00
2014.06.17 07:05:10.818,1.81622,1.81635,1.00,1.00
2014.06.17 07:05:11.142,1.81616,1.81635,1.09,1.00
2014.06.17 07:05:11.643,1.81616,1.81635,1.50,1.00
2014.06.17 07:05:12.364,1.81617,1.81635,1.00,1.00
2014.06.17 07:05:12.667,1.81617,1.81632,1.00,1.00
2014.06.17 07:05:12.718,1.81613,1.81632,1.34,1.00
2014.06.17 07:05:13.269,1.81613,1.81632,1.29,1.00
2014.06.17 07:05:13.908,1.81616,1.81632,1.00,1.00
2014.06.17 07:05:14.448,1.81617,1.81632,1.00,1.00
2014.06.17 07:05:16.106,1.81616,1.81632,1.00,1.00
2014.06.17 07:05:16.692,1.81613,1.81632,1.34,1.00
2014.06.17 07:05:18.060,1.81613,1.81632,1.00,1.18
2014.06.17 07:05:18.313,1.8161,1.8163,1.00,1.10
2014.06.17 07:05:18.815,1.8161,1.81629,1.00,1.10
2014.06.17 07:05:18.866,1.81612,1.81629,1.00,1.10
2014.06.17 07:05:18.917,1.81612,1.81631,1.00,2.03
2014.06.17 07:05:19.444,1.81612,1.81631,1.00,2.22
2014.06.17 07:05:22.801,1.81616,1.81631,1.00,1.29
2014.06.17 07:05:23.175,1.81612,1.81631,1.00,1.29
2014.06.17 07:05:23.326,1.81611,1.81631,1.00,1.29
2014.06.17 07:05:23.629,1.81617,1.81628,1.00,1.77
2014.06.17 07:05:24.255,1.81611,1.81628,1.00,1.00
2014.06.17 07:05:24.361,1.81616,1.81628,1.00,1.00
2014.06.17 07:05:24.463,1.81616,1.81631,1.00,1.29
2014.06.17 07:05:24.977,1.81616,1.81631,1.00,1.10
2014.06.17 07:05:25.375,1.81621,1.81633,1.00,1.58
2014.06.17 07:05:25.578,1.81616,1.81636,1.00,1.00
2014.06.17 07:05:25.628,1.81616,1.81632,1.00,1.10
2014.06.17 07:05:26.033,1.81621,1.81632,1.00,1.65
2014.06.17 07:05:26.348,1.81617,1.81632,1.00,1.65
2014.06.17 07:05:26.559,1.81617,1.8163,1.00,1.00
2014.06.17 07:05:30.984,1.81626,1.81633,1.00,1.08
2014.06.17 07:05:31.088,1.81627,1.81637,1.00,1.00
2014.06.17 07:05:31.189,1.81632,1.81641,1.00,1.00
2014.06.17 07:05:31.692,1.81632,1.81643,1.00,1.18
2014.06.17 07:05:31.821,1.81626,1.81643,1.00,1.18
2014.06.17 07:05:34.861,1.81626,1.81641,1.00,1.10
2014.06.17 07:05:35.477,1.81632,1.81641,1.00,1.10
2014.06.17 07:05:35.780,1.81637,1.8165,1.00,1.58
2014.06.17 07:05:35.881,1.81637,1.8165,1.19,1.58
2014.06.17 07:05:36.134,1.81646,1.8166,1.00,1.10
2014.06.17 07:05:36.286,1.81646,1.8166,1.40,1.10
2014.06.17 07:05:36.337,1.81648,1.81663,1.18,1.10
2014.06.17 07:05:36.388,1.81648,1.81663,1.39,1.10
2014.06.17 07:05:36.590,1.81662,1.81677,1.00,1.10
2014.06.17 07:05:37.130,1.8166,1.81678,1.27,1.10
2014.06.17 07:05:37.181,1.8166,1.8167,1.15,1.10
2014.06.17 07:05:37.282,1.81656,1.8167,1.39,1.10
2014.06.17 07:05:37.484,1.81661,1.81679,1.10,1.10
2014.06.17 07:05:37.687,1.81662,1.81679,1.33,1.10
2014.06.17 07:05:37.738,1.81663,1.81684,1.44,1.00
2014.06.17 07:05:37.839,1.81663,1.81688,1.44,1.69
2014.06.17 07:05:37.890,1.81663,1.81684,1.44,1.00
2014.06.17 07:05:38.336,1.81659,1.81678,1.77,1.00
2014.06.17 07:05:38.387,1.81662,1.81682,1.19,1.10
2014.06.17 07:05:38.488,1.81662,1.81682,1.00,1.10
2014.06.17 07:05:38.893,1.81659,1.81678,1.39,1.00
2014.06.17 07:05:39.095,1.81662,1.81682,1.00,1.10
2014.06.17 07:05:39.642,1.81661,1.81682,1.25,1.10
2014.06.17 07:05:39.743,1.81661,1.81684,1.84,1.19
2014.06.17 07:05:40.046,1.81661,1.81681,1.25,1.10
2014.06.17 07:05:40.654,1.81662,1.81678,1.00,1.10
2014.06.17 07:05:41.460,1.81662,1.81681,1.00,1.10
2014.06.17 07:05:41.510,1.81659,1.81679,1.27,1.00
2014.06.17 07:05:41.877,1.81657,1.81671,1.27,1.10
2014.06.17 07:05:41.927,1.81657,1.81671,1.00,1.10
2014.06.17 07:05:42.465,1.81651,1.81671,1.29,1.10
2014.06.17 07:05:42.611,1.81651,1.81671,1.02,1.10
2014.06.17 07:05:43.813,1.81649,1.81669,1.18,1.00
2014.06.17 07:05:44.145,1.81646,1.81664,1.28,1.00
2014.06.17 07:05:44.449,1.81642,1.81654,1.00,1.00
2014.06.17 07:05:44.550,1.81642,1.81654,1.00,1.00
2014.06.17 07:05:44.601,1.81636,1.81653,1.37,1.00
2014.06.17 07:05:44.652,1.81636,1.81653,1.37,1.00
2014.06.17 07:05:44.854,1.81632,1.81653,1.34,1.00
2014.06.17 07:05:45.388,1.81632,1.81653,1.37,1.00
2014.06.17 07:05:45.439,1.81632,1.81653,1.18,1.00
2014.06.17 07:05:45.540,1.81632,1.81654,1.74,1.00
2014.06.17 07:05:45.794,1.81641,1.81664,1.69,1.15
2014.06.17 07:05:45.946,1.81646,1.81665,1.00,1.00
2014.06.17 07:05:46.525,1.81646,1.81664,1.00,1.10
2014.06.17 07:05:46.576,1.81641,1.81664,1.84,1.58
2014.06.17 07:05:46.677,1.81641,1.81664,1.84,1.58
2014.06.17 07:05:47.915,1.81647,1.81667,1.00,1.25
2014.06.17 07:05:48.374,1.8165,1.81668,1.00,1.05
2014.06.17 07:05:48.679,1.81656,1.81678,1.10,1.29
2014.06.17 07:05:48.831,1.81653,1.81676,1.37,1.02
2014.06.17 07:05:48.983,1.81653,1.81674,1.74,1.00
2014.06.17 07:05:49.286,1.81654,1.81678,1.02,1.00
2014.06.17 07:05:49.589,1.81661,1.81678,1.19,1.00
2014.06.17 07:05:49.640,1.81661,1.81684,1.19,1.00
2014.06.17 07:05:49.943,1.81661,1.81683,1.27,1.38
2014.06.17 07:05:50.044,1.81659,1.81683,1.33,1.64
2014.06.17 07:05:50.498,1.81659,1.81683,1.25,1.77
2014.06.17 07:05:50.852,1.81656,1.81674,1.29,1.00
2014.06.17 07:05:50.902,1.81654,1.81674,1.39,1.00
2014.06.17 07:05:51.104,1.81654,1.81678,1.39,1.58
2014.06.17 07:05:51.155,1.81654,1.81678,1.39,1.20
2014.06.17 07:05:51.879,1.81655,1.81679,1.34,1.32
2014.06.17 07:05:52.429,1.81655,1.81678,1.34,1.25
2014.06.17 07:05:52.804,1.81655,1.81681,1.34,1.20
2014.06.17 07:05:53.157,1.81656,1.81681,1.64,1.00
2014.06.17 07:05:53.460,1.81658,1.81679,1.27,1.13
2014.06.17 07:05:53.511,1.81658,1.81684,1.29,2.22
2014.06.17 07:05:53.814,1.81657,1.81681,1.10,1.74
2014.06.17 07:05:54.082,1.81652,1.81674,1.34,1.00
2014.06.17 07:05:54.140,1.81652,1.81679,1.34,2.14
2014.06.17 07:05:54.902,1.81652,1.81678,1.34,1.32
2014.06.17 07:05:55.205,1.81652,1.81678,1.40,1.32
2014.06.17 07:05:56.835,1.81652,1.81679,1.34,1.67
2014.06.17 07:05:57.357,1.81652,1.81673,1.34,1.00
2014.06.17 07:05:57.509,1.81652,1.81673,1.25,1.00
2014.06.17 07:05:57.711,1.81652,1.81668,1.25,1.10
2014.06.17 07:05:58.014,1.81657,1.81671,1.25,1.10
2014.06.17 07:05:58.166,1.81657,1.81676,1.00,1.17
2014.06.17 07:05:58.267,1.81657,1.81674,1.00,1.18
2014.06.17 07:05:58.571,1.81648,1.81664,1.15,1.10
2014.06.17 07:05:58.621,1.81648,1.81664,1.10,1.10
2014.06.17 07:05:58.672,1.81652,1.81664,1.00,1.10
2014.06.17 07:05:58.723,1.81652,1.81669,1.20,1.10
2014.06.17 07:05:58.924,1.81647,1.81662,1.39,1.10
2014.06.17 07:05:58.975,1.81647,1.81662,1.15,1.10
2014.06.17 07:05:59.076,1.81646,1.81662,1.02,1.10
2014.06.17 07:05:59.688,1.81644,1.81662,1.19,1.10
2014.06.17 07:06:00.129,1.81647,1.81662,1.00,1.10
2014.06.17 07:06:00.433,1.81655,1.81673,1.10,1.40
2014.06.17 07:06:00.635,1.81651,1.81668,1.00,1.00
2014.06.17 07:06:01.172,1.81651,1.8167,1.10,1.19
2014.06.17 07:06:01.476,1.81662,1.81673,1.10,1.47
2014.06.17 07:06:01.628,1.81651,1.81674,1.10,1.77
2014.06.17 07:06:01.729,1.81651,1.81674,1.10,1.77
2014.06.17 07:06:02.486,1.81651,1.81669,1.10,1.95
2014.06.17 07:06:02.790,1.81651,1.81669,1.10,2.14
2014.06.17 07:06:03.093,1.81651,1.81669,1.10,1.95
2014.06.17 07:06:03.194,1.81657,1.81668,1.10,1.00
2014.06.17 07:06:03.497,1.81662,1.81673,1.10,1.02
2014.06.17 07:06:04.282,1.81662,1.81674,1.10,1.00
2014.06.17 07:06:05.111,1.81662,1.81676,1.10,1.02
2014.06.17 07:06:06.290,1.81657,1.81679,1.10,2.22
2014.06.17 07:06:06.341,1.81661,1.81679,1.00,1.47
2014.06.17 07:06:06.694,1.81661,1.81679,1.00,1.15
2014.06.17 07:06:07.456,1.81661,1.81679,1.00,1.18
2014.06.17 07:06:07.838,1.81661,1.81681,1.00,1.29
2014.06.17 07:06:08.522,1.81661,1.81681,1.00,1.10
2014.06.17 07:06:09.071,1.81666,1.81681,1.00,1.10
2014.06.17 07:06:11.827,1.81662,1.81681,1.00,1.20
2014.06.17 07:06:12.124,1.81666,1.81681,1.00,1.10
2014.06.17 07:06:12.327,1.81672,1.8169,1.00,1.69
2014.06.17 07:06:12.378,1.81668,1.81688,1.10,1.25
2014.06.17 07:06:12.951,1.81666,1.81689,1.37,1.10
2014.06.17 07:06:13.470,1.81666,1.81689,1.37,1.10
2014.06.17 07:06:13.623,1.81672,1.81691,1.00,1.39
2014.06.17 07:06:14.106,1.81672,1.81692,1.00,1.82
2014.06.17 07:06:14.597,1.8167,1.81689,1.00,1.18
2014.06.17 07:06:15.001,1.81671,1.81694,1.00,2.22
2014.06.17 07:06:15.353,1.8167,1.81688,1.84,1.00
2014.06.17 07:06:15.556,1.81667,1.81688,1.25,1.00
2014.06.17 07:06:15.859,1.81667,1.81687,1.00,1.09
2014.06.17 07:06:15.960,1.81663,1.81683,1.84,1.00
2014.06.17 07:06:16.010,1.81667,1.81687,1.00,1.09
2014.06.17 07:06:16.308,1.81662,1.81683,1.00,1.02
2014.06.17 07:06:16.790,1.81663,1.81679,1.10,1.00
2014.06.17 07:06:16.891,1.81663,1.81683,1.10,1.02
2014.06.17 07:06:17.146,1.81662,1.81678,1.10,1.00
2014.06.17 07:06:17.325,1.81662,1.81684,1.10,1.58
2014.06.17 07:06:17.657,1.81662,1.81684,1.20,1.50
2014.06.17 07:06:17.960,1.81667,1.81688,1.15,1.19
2014.06.17 07:06:18.466,1.81671,1.81689,1.00,1.29
2014.06.17 07:06:19.459,1.81666,1.81689,1.58,1.77
2014.06.17 07:06:20.755,1.81666,1.81689,1.58,1.77
2014.06.17 07:06:22.408,1.81666,1.81683,1.08,1.00
2014.06.17 07:06:22.491,1.81667,1.81688,1.10,1.00
2014.06.17 07:06:22.762,1.81666,1.81683,1.08,1.00
2014.06.17 07:06:23.274,1.81666,1.81683,1.27,1.00
2014.06.17 07:06:23.939,1.81666,1.81689,1.77,1.58
2014.06.17 07:06:25.369,1.81671,1.81689,1.00,1.10
2014.06.17 07:06:28.564,1.81667,1.81686,1.29,1.10
2014.06.17 07:06:28.665,1.81666,1.81689,1.50,1.92
2014.06.17 07:06:29.863,1.81671,1.81689,1.00,1.44
2014.06.17 07:06:33.109,1.81672,1.81689,1.00,1.25
2014.06.17 07:06:33.660,1.81671,1.8169,1.00,1.17
2014.06.17 07:06:34.888,1.81671,1.8169,1.00,1.20
2014.06.17 07:06:36.271,1.81672,1.8169,1.00,1.30
2014.06.17 07:06:37.803,1.81669,1.81689,1.00,1.00
2014.06.17 07:06:38.572,1.81681,1.8169,1.00,1.30
2014.06.17 07:06:38.724,1.81681,1.81699,1.00,1.58
2014.06.17 07:06:38.826,1.81681,1.81702,1.00,1.28
2014.06.17 07:06:38.927,1.81679,1.81703,1.58,1.15
2014.06.17 07:06:39.079,1.81681,1.81701,1.00,1.10
2014.06.17 07:06:39.439,1.81683,1.81703,1.02,1.15
2014.06.17 07:06:39.742,1.81691,1.81703,1.00,1.00
2014.06.17 07:06:39.894,1.81691,1.81708,1.08,1.00
2014.06.17 07:06:39.945,1.81691,1.81708,1.00,1.00
2014.06.17 07:06:40.148,1.81691,1.81714,1.50,1.74
2014.06.17 07:06:40.457,1.81692,1.81715,1.19,1.08
2014.06.17 07:06:40.608,1.81693,1.81719,1.77,2.22
2014.06.17 07:06:40.659,1.81699,1.81719,1.10,2.03
2014.06.17 07:06:40.962,1.81702,1.81722,1.58,1.02
2014.06.17 07:06:41.013,1.81702,1.81723,1.58,1.57
2014.06.17 07:06:41.064,1.81702,1.81723,1.58,1.57
2014.06.17 07:06:41.216,1.81702,1.81724,2.22,1.10
2014.06.17 07:06:41.317,1.81703,1.81724,1.34,1.00
2014.06.17 07:06:41.368,1.81707,1.81727,1.00,1.10
2014.06.17 07:06:41.419,1.81707,1.81727,1.00,2.25
2014.06.17 07:06:41.734,1.81717,1.81734,1.10,1.15
2014.06.17 07:06:41.785,1.81717,1.81734,1.10,1.00
2014.06.17 07:06:41.836,1.81715,1.81734,1.10,1.00
2014.06.17 07:06:41.938,1.81711,1.81734,1.15,1.57
2014.06.17 07:06:42.040,1.81711,1.81732,1.18,1.25
2014.06.17 07:06:42.090,1.8171,1.81729,1.25,1.00
2014.06.17 07:06:42.242,1.81708,1.81729,1.09,1.13
2014.06.17 07:06:42.395,1.81715,1.81731,1.10,1.74
2014.06.17 07:06:42.900,1.81715,1.81734,1.10,1.84
2014.06.17 07:06:43.051,1.81712,1.81733,1.10,1.34
2014.06.17 07:06:43.701,1.81718,1.81731,1.10,1.02
2014.06.17 07:06:44.163,1.81717,1.81735,1.00,1.18
2014.06.17 07:06:44.416,1.81727,1.81735,1.00,1.10
2014.06.17 07:06:44.466,1.81727,1.81741,1.00,1.40
2014.06.17 07:06:44.870,1.81722,1.81741,1.58,1.25
2014.06.17 07:06:45.090,1.81727,1.81744,1.00,1.72
2014.06.17 07:06:45.595,1.81727,1.81744,1.00,1.47
2014.06.17 07:06:46.618,1.81727,1.81746,1.00,1.25
2014.06.17 07:06:47.111,1.81729,1.81746,1.00,1.00
2014.06.17 07:06:47.415,1.81741,1.81757,1.25,1.38
2014.06.17 07:06:47.719,1.81747,1.81761,1.00,1.10
2014.06.17 07:06:47.821,1.81747,1.81761,1.00,1.10
2014.06.17 07:06:47.872,1.81747,1.81764,1.00,1.32
2014.06.17 07:06:49.202,1.81747,1.81761,1.00,1.00
2014.06.17 07:06:49.405,1.81747,1.81766,1.32,1.10
2014.06.17 07:06:49.456,1.81747,1.81767,1.69,1.00
2014.06.17 07:06:49.759,1.81756,1.81765,1.10,1.00
2014.06.17 07:06:49.962,1.81746,1.81763,2.82,1.58
2014.06.17 07:06:50.063,1.81746,1.81763,1.47,1.58
2014.06.17 07:06:50.114,1.81746,1.81763,1.20,1.77
2014.06.17 07:06:50.165,1.81746,1.81763,1.13,2.14
2014.06.17 07:06:50.469,1.81734,1.81749,1.38,1.00
2014.06.17 07:06:50.570,1.81731,1.81748,1.10,1.00
2014.06.17 07:06:50.982,1.81729,1.81748,1.09,1.00
2014.06.17 07:06:51.139,1.81729,1.81753,1.02,1.34
2014.06.17 07:06:51.544,1.81729,1.81749,1.10,1.08
2014.06.17 07:06:52.194,1.81731,1.81748,1.10,1.18
2014.06.17 07:06:52.511,1.8173,1.81744,1.10,1.00
2014.06.17 07:06:52.815,1.81751,1.81765,5.22,1.95
2014.06.17 07:06:52.917,1.81753,1.81773,2.55,1.00
2014.06.17 07:06:53.124,1.81758,1.81778,1.92,1.10
2014.06.17 07:06:53.680,1.81761,1.81776,1.84,1.10
2014.06.17 07:06:53.983,1.81767,1.81779,1.00,1.10
2014.06.17 07:06:54.084,1.81762,1.81779,1.53,1.10
2014.06.17 07:06:54.134,1.81762,1.81777,1.34,1.10
2014.06.17 07:06:54.494,1.81761,1.81779,1.09,1.10
2014.06.17 07:06:54.646,1.81767,1.81779,1.00,1.63
2014.06.17 07:06:54.974,1.81762,1.81778,1.00,1.35
2014.06.17 07:06:56.082,1.81761,1.81778,1.09,1.10
2014.06.17 07:06:57.430,1.81759,1.81779,1.34,1.00
2014.06.17 07:06:57.670,1.81759,1.81777,1.34,1.10
2014.06.17 07:06:57.883,1.81756,1.81777,1.25,1.55
2014.06.17 07:06:57.934,1.81755,1.81765,1.19,1.00
2014.06.17 07:06:57.986,1.81753,1.81764,1.51,1.00
2014.06.17 07:06:58.188,1.81746,1.81759,1.13,1.00
2014.06.17 07:06:58.290,1.81742,1.81759,1.58,1.20
2014.06.17 07:06:58.593,1.81743,1.81749,1.10,1.00
2014.06.17 07:06:58.645,1.81736,1.81748,1.19,1.00
2014.06.17 07:06:58.696,1.81736,1.81748,1.00,1.00
2014.06.17 07:06:58.747,1.81732,1.81748,1.29,1.00
2014.06.17 07:06:58.848,1.81732,1.81749,1.00,1.10
2014.06.17 07:06:59.000,1.81727,1.81749,1.19,1.10
2014.06.17 07:06:59.198,1.81728,1.81749,1.74,1.00
2014.06.17 07:06:59.653,1.81726,1.81749,1.19,1.15
2014.06.17 07:06:59.754,1.81724,1.81748,1.19,1.15
2014.06.17 07:06:59.805,1.81724,1.81748,1.19,1.45
2014.06.17 07:06:59.856,1.81725,1.81744,2.78,1.08
2014.06.17 07:06:59.907,1.81729,1.81744,1.40,1.00
2014.06.17 07:06:59.958,1.81741,1.8175,1.10,1.00
2014.06.17 07:07:00.009,1.81741,1.81746,1.10,1.00
2014.06.17 07:07:00.111,1.81741,1.81753,1.10,1.35
2014.06.17 07:07:00.212,1.81732,1.81749,1.00,1.00
2014.06.17 07:07:00.515,1.81731,1.81747,1.00,1.33
2014.06.17 07:07:00.818,1.81723,1.81744,1.38,1.15
2014.06.17 07:07:01.222,1.81725,1.81748,1.29,2.25
2014.06.17 07:07:01.729,1.81728,1.81752,1.00,1.34
2014.06.17 07:07:01.782,1.81728,1.81752,1.00,1.64
2014.06.17 07:07:01.833,1.81725,1.81749,1.00,1.84
2014.06.17 07:07:01.935,1.81725,1.81743,1.00,1.00
2014.06.17 07:07:01.986,1.8172,1.81743,1.72,1.00
2014.06.17 07:07:02.189,1.8172,1.81743,1.19,1.33
2014.06.17 07:07:02.524,1.81716,1.81741,1.77,1.15
2014.06.17 07:07:02.827,1.81719,1.81745,1.47,1.34
2014.06.17 07:07:03.244,1.81722,1.81745,1.38,1.34
2014.06.17 07:07:03.771,1.81723,1.81747,1.63,1.34
2014.06.17 07:07:03.821,1.81723,1.81747,1.63,1.37
2014.06.17 07:07:04.480,1.81723,1.81744,1.25,1.00
2014.06.17 07:07:04.632,1.81723,1.81738,1.00,1.10
2014.06.17 07:07:04.986,1.81719,1.8174,1.34,1.10
2014.06.17 07:07:05.188,1.81719,1.81743,1.34,1.00
2014.06.17 07:07:05.390,1.81719,1.81739,1.72,1.10
2014.06.17 07:07:05.694,1.81719,1.81729,1.29,1.10
2014.06.17 07:07:05.846,1.81714,1.81729,1.74,1.10
2014.06.17 07:07:06.508,1.81714,1.81728,1.47,1.10
2014.06.17 07:07:07.057,1.81714,1.81728,1.47,1.10
2014.06.17 07:07:07.234,1.81714,1.81724,1.39,1.10
2014.06.17 07:07:07.286,1.81708,1.81723,1.72,1.10
2014.06.17 07:07:07.388,1.81707,1.8172,1.02,1.10
2014.06.17 07:07:07.592,1.81703,1.81716,1.39,1.10
2014.06.17 07:07:07.845,1.81703,1.81716,1.34,1.10
2014.06.17 07:07:08.098,1.817,1.81716,1.49,1.10
2014.06.17 07:07:08.148,1.817,1.81712,1.49,1.10
2014.06.17 07:07:08.703,1.81699,1.81711,1.19,1.10
2014.06.17 07:07:09.100,1.81699,1.81711,1.19,1.10
2014.06.17 07:07:09.209,1.81697,1.81711,1.27,1.10
2014.06.17 07:07:09.737,1.81694,1.81711,1.19,1.10
2014.06.17 07:07:10.165,1.81694,1.81717,1.19,1.25
2014.06.17 07:07:10.769,1.81694,1.81717,1.19,1.25
2014.06.17 07:07:12.539,1.81692,1.81717,1.49,1.73
2014.06.17 07:07:12.647,1.81692,1.81717,1.39,2.22
2014.06.17 07:07:12.957,1.81689,1.81707,1.19,1.10
2014.06.17 07:07:13.261,1.81685,1.81704,1.69,1.00
2014.06.17 07:07:13.763,1.81686,1.81705,1.24,1.10
2014.06.17 07:07:13.965,1.81686,1.81706,1.49,1.10
2014.06.17 07:07:15.652,1.81687,1.81708,1.19,1.65
2014.06.17 07:07:16.044,1.81687,1.81708,1.25,1.65
2014.06.17 07:07:16.652,1.81685,1.81703,1.59,1.00
2014.06.17 07:07:17.086,1.81685,1.81703,1.59,1.00
2014.06.17 07:07:17.807,1.81683,1.81703,1.57,1.00
2014.06.17 07:07:18.313,1.81683,1.81703,1.00,1.00
2014.06.17 07:07:18.616,1.81683,1.81704,1.37,1.00
2014.06.17 07:07:18.919,1.81683,1.81699,1.37,1.00
2014.06.17 07:07:19.071,1.81683,1.81703,1.19,1.00
2014.06.17 07:07:19.605,1.81683,1.81704,1.00,1.20
2014.06.17 07:07:19.807,1.81683,1.81703,1.08,1.00
2014.06.17 07:07:20.208,1.81686,1.81707,2.14,1.10
2014.06.17 07:07:20.461,1.81694,1.81716,1.47,1.00
2014.06.17 07:07:20.564,1.81695,1.81718,1.34,1.00
2014.06.17 07:07:20.665,1.81697,1.81721,1.73,1.19
2014.06.17 07:07:20.993,1.81695,1.81717,1.34,1.10
2014.06.17 07:07:22.188,1.81695,1.81717,1.39,1.10
2014.06.17 07:07:22.793,1.81695,1.81717,1.09,1.10
2014.06.17 07:07:22.843,1.81695,1.81714,1.20,1.00
2014.06.17 07:07:23.096,1.81691,1.81713,1.00,1.02
2014.06.17 07:07:23.247,1.81692,1.81715,1.19,1.09
2014.06.17 07:07:23.754,1.81691,1.81715,1.37,1.25
2014.06.17 07:07:24.078,1.81692,1.81716,1.29,1.47
2014.06.17 07:07:24.380,1.81687,1.81713,1.19,2.33
2014.06.17 07:07:24.432,1.81685,1.81708,1.67,1.08
2014.06.17 07:07:24.485,1.81685,1.81708,1.67,1.10
2014.06.17 07:07:24.636,1.81685,1.81708,1.29,1.18
2014.06.17 07:07:25.144,1.81684,1.81708,1.29,1.15
2014.06.17 07:07:25.357,1.81682,1.81706,1.29,1.25
2014.06.17 07:07:25.509,1.81681,1.81704,1.19,1.15
2014.06.17 07:07:25.661,1.81679,1.81703,1.29,1.18
2014.06.17 07:07:26.668,1.8168,1.81703,1.29,1.18
2014.06.17 07:07:27.637,1.8168,1.81703,1.29,1.18
2014.06.17 07:07:28.589,1.81683,1.81703,1.10,1.09
2014.06.17 07:07:28.691,1.81678,1.81699,1.29,1.00
2014.06.17 07:07:28.741,1.81678,1.81699,1.19,1.08
2014.06.17 07:07:28.842,1.81676,1.81699,1.19,1.84
2014.06.17 07:07:28.893,1.81673,1.81694,1.77,1.00
2014.06.17 07:07:29.095,1.81677,1.81698,1.25,1.00
2014.06.17 07:07:29.197,1.81676,1.81699,1.29,1.77
2014.06.17 07:07:29.547,1.81694,1.81707,1.10,1.40
2014.06.17 07:07:29.700,1.81698,1.81708,1.10,1.08
2014.06.17 07:07:29.801,1.81698,1.81713,1.10,1.65
2014.06.17 07:07:29.902,1.81698,1.81709,1.10,1.00
2014.06.17 07:07:29.953,1.81694,1.81709,1.10,1.08
2014.06.17 07:07:31.043,1.81692,1.81713,1.19,2.25
2014.06.17 07:07:31.575,1.81692,1.81713,1.00,2.44
2014.06.17 07:07:31.676,1.81691,1.81708,1.10,1.39
2014.06.17 07:07:31.727,1.81687,1.81702,1.00,1.10
2014.06.17 07:07:31.828,1.81687,1.81702,1.00,1.25
2014.06.17 07:07:31.879,1.81682,1.81702,1.49,1.25
2014.06.17 07:07:31.930,1.81686,1.81705,1.10,1.20
2014.06.17 07:07:32.081,1.81686,1.81704,1.10,1.15
2014.06.17 07:07:32.674,1.81687,1.81704,1.00,1.15
2014.06.17 07:07:33.145,1.81687,1.81707,1.00,1.18
2014.06.17 07:07:33.196,1.81692,1.81707,1.00,1.18
2014.06.17 07:07:33.404,1.81686,1.81707,1.58,1.18
2014.06.17 07:07:33.908,1.81686,1.81704,1.10,1.15
2014.06.17 07:07:34.362,1.81686,1.81704,1.00,1.18
2014.06.17 07:07:34.413,1.81692,1.81704,1.00,1.18
2014.06.17 07:07:34.464,1.81692,1.81706,1.00,1.18
2014.06.17 07:07:34.665,1.81682,1.81704,1.19,1.08
2014.06.17 07:07:34.720,1.81682,1.81704,1.00,1.27
2014.06.17 07:07:34.922,1.81687,1.81701,1.10,1.00
2014.06.17 07:07:35.226,1.81684,1.81705,1.10,1.34
2014.06.17 07:07:35.429,1.81684,1.81699,1.10,1.00
2014.06.17 07:07:35.480,1.81678,1.81699,1.84,1.08
2014.06.17 07:07:35.581,1.81678,1.81698,1.29,1.08
2014.06.17 07:07:36.106,1.8168,1.81698,1.10,1.08
2014.06.17 07:07:36.646,1.8168,1.81698,1.10,1.00
2014.06.17 07:07:37.360,1.8168,1.81693,1.10,1.00
2014.06.17 07:07:37.799,1.8168,1.81698,1.10,1.00
2014.06.17 07:07:38.317,1.81677,1.81698,1.10,1.08
2014.06.17 07:07:38.368,1.81681,1.81698,1.00,1.08
2014.06.17 07:07:38.520,1.81682,1.81704,1.10,1.55
2014.06.17 07:07:38.621,1.81682,1.81704,1.29,1.55
2014.06.17 07:07:38.924,1.81693,1.81703,1.10,1.00
2014.06.17 07:07:40.170,1.81691,1.81703,1.10,1.00
2014.06.17 07:07:40.684,1.8169,1.81703,1.10,1.00
2014.06.17 07:07:40.886,1.81692,1.81711,1.00,1.15
2014.06.17 07:07:40.937,1.81702,1.81713,1.10,1.88
2014.06.17 07:07:41.038,1.81702,1.81713,1.10,1.50
2014.06.17 07:07:41.139,1.81702,1.81708,1.10,1.00
2014.06.17 07:07:41.191,1.81693,1.81708,1.37,1.00
2014.06.17 07:07:41.703,1.81692,1.81708,1.02,1.00
2014.06.17 07:07:41.906,1.81692,1.81712,1.02,1.20
2014.06.17 07:07:41.956,1.81696,1.81712,1.10,1.20
2014.06.17 07:07:42.260,1.81709,1.81716,1.10,1.00
2014.06.17 07:07:42.362,1.81697,1.81718,1.47,1.00
2014.06.17 07:07:42.464,1.81699,1.81708,1.00,1.00
2014.06.17 07:07:42.565,1.81697,1.81708,1.00,1.00
2014.06.17 07:07:42.666,1.81692,1.81716,2.52,1.50
2014.06.17 07:07:42.717,1.81695,1.81716,1.10,1.50
2014.06.17 07:07:43.021,1.81703,1.81717,1.10,2.07
2014.06.17 07:07:43.173,1.817,1.81714,1.10,1.15
2014.06.17 07:07:43.536,1.817,1.81714,1.10,1.08
2014.06.17 07:07:43.587,1.81698,1.81714,1.10,1.08
2014.06.17 07:07:43.689,1.817,1.81714,1.10,1.08
2014.06.17 07:07:43.998,1.81702,1.81714,1.10,1.08
2014.06.17 07:07:44.527,1.81701,1.81714,1.10,1.08
2014.06.17 07:07:44.945,1.81698,1.81714,1.10,1.08
2014.06.17 07:07:45.625,1.81706,1.81714,1.00,1.08
2014.06.17 07:07:45.777,1.81708,1.81717,1.10,1.38
2014.06.17 07:07:45.928,1.81704,1.81723,1.25,1.50
2014.06.17 07:07:45.979,1.81702,1.81721,1.00,1.00
2014.06.17 07:07:46.282,1.81702,1.81719,1.00,1.00
2014.06.17 07:07:46.333,1.81698,1.81718,1.47,1.00
2014.06.17 07:07:46.837,1.81701,1.81718,1.00,1.20
2014.06.17 07:07:47.528,1.81696,1.81715,1.00,1.00
2014.06.17 07:07:47.579,1.81696,1.81715,1.00,1.18
2014.06.17 07:07:47.922,1.81697,1.81709,1.00,1.00
2014.06.17 07:07:48.174,1.81692,1.81709,1.25,1.00
2014.06.17 07:07:48.715,1.81691,1.81709,1.77,1.00
2014.06.17 07:07:48.766,1.81691,1.81709,1.77,1.08
2014.06.17 07:07:49.170,1.81696,1.81707,1.00,1.00
2014.06.17 07:07:49.271,1.81696,1.81709,1.00,1.10
2014.06.17 07:07:49.372,1.81696,1.81709,1.09,1.10
2014.06.17 07:07:49.423,1.81702,1.81713,1.18,1.10
2014.06.17 07:07:49.524,1.81711,1.81723,1.10,1.13
2014.06.17 07:07:49.898,1.81712,1.81728,1.10,1.50
2014.06.17 07:07:50.114,1.81716,1.81728,1.00,1.00
2014.06.17 07:07:51.651,1.81711,1.81728,1.19,1.00
2014.06.17 07:07:51.702,1.81714,1.81728,1.10,1.00
2014.06.17 07:07:52.047,1.81712,1.81728,1.77,1.00
2014.06.17 07:07:53.911,1.81711,1.81728,1.58,1.00
2014.06.17 07:07:54.590,1.81711,1.81728,1.92,1.00
2014.06.17 07:07:54.894,1.81722,1.81741,1.40,1.00
2014.06.17 07:07:54.945,1.81722,1.81738,1.15,1.00
2014.06.17 07:07:55.097,1.81722,1.81738,1.00,1.00
2014.06.17 07:07:55.198,1.81722,1.81743,1.00,1.50
2014.06.17 07:07:55.249,1.81722,1.81743,1.38,1.50
2014.06.17 07:07:55.401,1.81722,1.81743,1.00,1.00
2014.06.17 07:07:55.619,1.81721,1.8174,1.10,1.00
2014.06.17 07:07:55.755,1.8172,1.81743,1.10,1.65
2014.06.17 07:07:56.271,1.8172,1.81743,1.29,1.84
2014.06.17 07:07:56.372,1.8172,1.81739,1.10,1.00
2014.06.17 07:07:56.423,1.81718,1.81739,1.09,1.00
2014.06.17 07:07:56.827,1.81718,1.81734,1.20,1.00
2014.06.17 07:07:57.029,1.81712,1.81734,1.17,1.50
2014.06.17 07:07:57.181,1.81722,1.81734,1.10,1.00
2014.06.17 07:07:57.232,1.81722,1.81737,1.10,1.20
2014.06.17 07:07:57.384,1.81722,1.81734,1.10,1.00
2014.06.17 07:07:57.663,1.81714,1.81734,1.37,1.38
2014.06.17 07:07:57.764,1.81709,1.81733,1.15,1.57
2014.06.17 07:07:57.815,1.81709,1.8173,1.00,1.13
2014.06.17 07:07:57.865,1.81707,1.8173,1.10,1.32
2014.06.17 07:07:57.916,1.81707,1.81723,1.10,1.00
2014.06.17 07:07:57.967,1.81702,1.81723,2.33,1.19
2014.06.17 07:07:58.169,1.81702,1.81719,1.58,1.00
2014.06.17 07:07:58.220,1.81699,1.81719,1.25,1.00
2014.06.17 07:07:58.697,1.81699,1.81718,1.40,1.10
2014.06.17 07:07:59.425,1.81699,1.81719,1.15,1.00
2014.06.17 07:07:59.694,1.81702,1.81723,1.00,1.10
2014.06.17 07:08:00.048,1.81701,1.8172,1.58,1.00
2014.06.17 07:08:00.740,1.81703,1.8172,1.10,1.00
2014.06.17 07:08:01.119,1.81711,1.8172,1.00,1.00
2014.06.17 07:08:01.170,1.81714,1.81724,1.10,1.00
2014.06.17 07:08:01.372,1.81711,1.81727,1.58,1.00
2014.06.17 07:08:01.803,1.81714,1.81727,1.10,1.00
2014.06.17 07:08:01.954,1.81717,1.81731,1.10,1.00
2014.06.17 07:08:02.176,1.81721,1.81731,1.10,1.00
2014.06.17 07:08:02.277,1.81721,1.81736,1.10,1.00
2014.06.17 07:08:02.479,1.8172,1.81739,1.25,1.00
2014.06.17 07:08:02.530,1.8172,1.81739,1.44,1.00
2014.06.17 07:08:03.080,1.81723,1.8174,1.30,1.00
2014.06.17 07:08:03.232,1.81719,1.8174,1.73,1.13
2014.06.17 07:08:03.283,1.81719,1.81736,1.28,1.00
2014.06.17 07:08:03.334,1.81719,1.81736,1.10,1.00
2014.06.17 07:08:03.448,1.81717,1.81736,1.10,1.00
2014.06.17 07:08:03.601,1.81713,1.81734,1.65,1.25
2014.06.17 07:08:03.651,1.81713,1.81729,1.65,1.00
2014.06.17 07:08:04.036,1.8171,1.81728,1.10,1.50
2014.06.17 07:08:04.623,1.81712,1.81728,1.10,1.50
2014.06.17 07:08:04.980,1.81715,1.81728,1.10,1.00
2014.06.17 07:08:05.132,1.81716,1.81731,1.00,1.00
2014.06.17 07:08:05.183,1.81718,1.81731,1.10,1.00
2014.06.17 07:08:05.437,1.81714,1.81728,1.10,1.00
2014.06.17 07:08:05.983,1.81713,1.81728,1.20,1.00
2014.06.17 07:08:06.085,1.81713,1.81731,1.20,1.00
2014.06.17 07:08:06.186,1.81714,1.81728,1.10,1.00
2014.06.17 07:08:06.401,1.81716,1.81733,1.10,1.00
2014.06.17 07:08:06.603,1.81716,1.81736,1.65,1.00
2014.06.17 07:08:06.856,1.81716,1.81734,1.20,1.00
2014.06.17 07:08:07.198,1.81717,1.81736,1.00,1.00
2014.06.17 07:08:08.107,1.8172,1.81739,1.00,1.93
2014.06.17 07:08:08.431,1.81724,1.81739,1.00,1.93
2014.06.17 07:08:09.749,1.81723,1.81743,1.00,2.07
2014.06.17 07:08:09.800,1.81723,1.81743,1.00,1.34
2014.06.17 07:08:09.850,1.81727,1.81743,1.00,1.34
2014.06.17 07:08:10.182,1.81724,1.81743,1.00,1.00
2014.06.17 07:08:10.232,1.81724,1.81743,1.00,1.08
2014.06.17 07:08:10.434,1.81721,1.81738,1.00,1.00
2014.06.17 07:08:10.485,1.81721,1.81734,1.00,1.10
2014.06.17 07:08:10.536,1.81719,1.81734,1.00,1.10
2014.06.17 07:08:10.637,1.81717,1.81734,1.00,1.10
2014.06.17 07:08:10.738,1.81712,1.81734,1.77,1.18
2014.06.17 07:08:10.789,1.81712,1.81734,1.50,1.25
2014.06.17 07:08:12.405,1.81712,1.8173,1.00,1.00
2014.06.17 07:08:12.656,1.81712,1.81728,1.00,1.10
2014.06.17 07:08:12.909,1.81707,1.81724,1.69,1.10
2014.06.17 07:08:13.457,1.81707,1.81724,1.84,1.10
2014.06.17 07:08:17.398,1.81711,1.81726,1.10,1.00
2014.06.17 07:08:17.449,1.81711,1.8173,1.10,1.00
2014.06.17 07:08:17.550,1.81712,1.81733,1.00,1.00
2014.06.17 07:08:17.702,1.81712,1.81733,1.50,1.69
2014.06.17 07:08:18.014,1.81712,1.81724,1.00,1.10
2014.06.17 07:08:18.817,1.8171,1.81724,1.10,1.10
2014.06.17 07:08:18.918,1.81711,1.81724,2.44,1.10
2014.06.17 07:08:18.969,1.81717,1.81729,1.25,1.00
2014.06.17 07:08:19.121,1.81717,1.81736,1.73,1.00
2014.06.17 07:08:19.276,1.81717,1.81736,1.65,1.00
2014.06.17 07:08:19.327,1.81714,1.81733,1.34,1.10
2014.06.17 07:08:20.196,1.81714,1.81733,1.20,1.10
2014.06.17 07:08:24.614,1.81712,1.81732,1.15,1.00
2014.06.17 07:08:24.665,1.81712,1.81732,1.00,1.00
2014.06.17 07:08:26.375,1.81712,1.81732,1.00,1.40
2014.06.17 07:08:26.875,1.81712,1.81728,1.00,1.00
2014.06.17 07:08:27.828,1.81709,1.81728,1.25,1.50
2014.06.17 07:08:27.878,1.81707,1.81725,1.47,1.00
2014.06.17 07:08:28.131,1.81702,1.81723,2.14,1.08
2014.06.17 07:08:28.681,1.81702,1.81723,1.25,1.15
2014.06.17 07:08:29.085,1.81701,1.81719,1.29,1.00
2014.06.17 07:08:29.236,1.81707,1.81722,1.00,1.00
2014.06.17 07:08:29.438,1.81706,1.81726,1.00,1.00
2014.06.17 07:08:30.073,1.81705,1.81723,1.25,1.00
2014.06.17 07:08:30.377,1.8171,1.81726,1.10,1.00
2014.06.17 07:08:30.887,1.81713,1.81726,1.10,1.00
2014.06.17 07:08:31.051,1.81713,1.81728,1.10,1.00
2014.06.17 07:08:32.236,1.8171,1.81728,1.10,1.00
2014.06.17 07:08:32.341,1.8171,1.81723,1.10,1.00
2014.06.17 07:08:32.442,1.81705,1.81723,1.19,1.00
2014.06.17 07:08:32.493,1.81705,1.81723,1.25,1.00
2014.06.17 07:08:33.018,1.81705,1.81724,1.25,1.50
2014.06.17 07:08:33.366,1.81707,1.81724,1.00,1.00
2014.06.17 07:08:34.289,1.81707,1.81728,1.50,2.40
2014.06.17 07:08:34.541,1.81711,1.81731,1.25,1.08
2014.06.17 07:08:34.793,1.8171,1.81728,1.19,1.00
2014.06.17 07:08:34.896,1.8171,1.81731,1.19,1.00
2014.06.17 07:08:34.947,1.81713,1.81732,1.00,1.58
2014.06.17 07:08:35.250,1.81711,1.8173,1.00,1.00
2014.06.17 07:08:35.572,1.81706,1.81727,1.69,1.15
2014.06.17 07:08:36.208,1.81706,1.81723,1.25,1.00
2014.06.17 07:08:36.612,1.81701,1.81722,1.18,1.25
2014.06.17 07:08:36.663,1.81701,1.81714,1.18,1.00
2014.06.17 07:08:36.865,1.81697,1.8171,1.00,1.10
2014.06.17 07:08:37.068,1.81694,1.8171,1.25,1.10
2014.06.17 07:08:37.169,1.81692,1.81712,1.29,1.00
2014.06.17 07:08:37.487,1.81694,1.81715,1.09,1.00
2014.06.17 07:08:40.174,1.81694,1.81714,1.00,1.68
2014.06.17 07:08:40.325,1.81692,1.81712,1.00,1.10
2014.06.17 07:08:40.377,1.81692,1.81712,1.00,1.18
2014.06.17 07:08:41.132,1.81692,1.81709,1.00,1.00
2014.06.17 07:08:41.636,1.81692,1.8171,1.50,1.20
2014.06.17 07:08:42.150,1.81692,1.81709,1.00,1.00
2014.06.17 07:08:43.168,1.81688,1.81709,1.19,1.50
2014.06.17 07:08:43.219,1.81688,1.81709,1.19,1.58
2014.06.17 07:08:43.421,1.81686,1.81705,1.24,1.10
2014.06.17 07:08:43.472,1.81691,1.81705,1.00,1.10
2014.06.17 07:08:43.522,1.81691,1.81708,1.00,1.10
2014.06.17 07:08:43.623,1.81691,1.81706,1.00,1.10
2014.06.17 07:08:43.879,1.81686,1.81705,1.24,1.00
2014.06.17 07:08:44.285,1.81689,1.81706,1.00,1.10
2014.06.17 07:08:46.096,1.81691,1.81706,1.00,1.10
2014.06.17 07:08:48.171,1.81691,1.81708,1.00,1.10
2014.06.17 07:08:48.714,1.81689,1.81708,1.84,1.00
2014.06.17 07:08:49.250,1.81691,1.81708,1.00,1.00
2014.06.17 07:08:50.606,1.81692,1.81708,1.00,1.00
2014.06.17 07:08:50.917,1.81689,1.81708,1.27,1.00
2014.06.17 07:08:51.814,1.81691,1.81708,1.00,1.00
2014.06.17 07:08:51.986,1.81692,1.81711,1.00,1.00
2014.06.17 07:08:57.718,1.81694,1.81715,1.00,1.15
2014.06.17 07:08:57.921,1.81698,1.81719,1.18,1.00
2014.06.17 07:08:58.137,1.81702,1.81721,1.10,1.00
2014.06.17 07:08:59.710,1.81703,1.81721,1.13,1.00
2014.06.17 07:09:00.014,1.8171,1.81724,1.34,1.10
2014.06.17 07:09:00.216,1.8171,1.81729,1.34,1.50
2014.06.17 07:09:00.469,1.81713,1.81732,1.10,1.58
2014.06.17 07:09:00.570,1.81715,1.81732,1.00,1.10
2014.06.17 07:09:01.097,1.81715,1.81731,1.00,1.10
2014.06.17 07:09:01.691,1.81715,1.81722,1.00,1.10
2014.06.17 07:09:01.792,1.81711,1.81722,1.34,1.10
2014.06.17 07:09:01.893,1.81711,1.81732,1.34,1.58
2014.06.17 07:09:02.168,1.81716,1.81732,1.00,1.58
2014.06.17 07:09:02.712,1.81716,1.81731,1.00,1.10
2014.06.17 07:09:03.240,1.81715,1.81734,1.19,1.00
2014.06.17 07:09:03.443,1.81715,1.81728,1.00,1.10
2014.06.17 07:09:03.544,1.81711,1.81728,1.27,1.10
2014.06.17 07:09:03.696,1.81712,1.81732,1.25,1.00
2014.06.17 07:09:03.898,1.81716,1.81732,1.00,1.00
2014.06.17 07:09:03.999,1.81716,1.81735,1.50,1.37
2014.06.17 07:09:05.109,1.81716,1.81735,1.00,1.10
2014.06.17 07:09:05.337,1.81713,1.81728,1.10,1.10
2014.06.17 07:09:05.439,1.81709,1.81728,1.20,1.10
2014.06.17 07:09:05.950,1.81709,1.81728,1.00,1.18
2014.06.17 07:09:06.148,1.81709,1.81725,1.00,1.10
2014.06.17 07:09:06.867,1.81712,1.81725,1.00,1.10
2014.06.17 07:09:07.350,1.81709,1.81725,1.00,1.10
2014.06.17 07:09:07.401,1.81709,1.81729,1.25,1.10
2014.06.17 07:09:07.663,1.81712,1.81729,1.00,1.10
2014.06.17 07:09:07.967,1.81717,1.8173,1.00,1.00
2014.06.17 07:09:08.068,1.81717,1.81733,1.00,1.00
2014.06.17 07:09:08.569,1.81716,1.81733,1.00,1.00
2014.06.17 07:09:09.213,1.81717,1.81733,1.00,1.00
2014.06.17 07:09:09.778,1.81716,1.81732,1.00,1.10
2014.06.17 07:09:09.879,1.81714,1.81732,1.00,1.28
2014.06.17 07:09:10.062,1.81714,1.81727,1.00,1.10
2014.06.17 07:09:10.115,1.8171,1.81727,1.00,1.10
2014.06.17 07:09:12.153,1.81711,1.81727,1.00,1.10
2014.06.17 07:09:12.454,1.81711,1.81727,1.19,1.10
2014.06.17 07:09:12.505,1.81711,1.81731,1.19,1.65
2014.06.17 07:09:12.657,1.81713,1.81731,1.00,1.20
2014.06.17 07:09:12.759,1.81713,1.81724,1.00,1.10
2014.06.17 07:09:12.810,1.81711,1.81724,1.00,1.10
2014.06.17 07:09:13.063,1.81711,1.81726,1.00,1.10
2014.06.17 07:09:13.164,1.81711,1.8173,1.69,1.58
2014.06.17 07:09:13.669,1.81715,1.81729,1.00,1.10
2014.06.17 07:09:13.871,1.81712,1.81728,1.19,1.10
2014.06.17 07:09:13.922,1.81712,1.81724,1.19,1.10
2014.06.17 07:09:14.367,1.81712,1.81726,1.19,1.10
2014.06.17 07:09:14.887,1.81712,1.81726,1.00,1.10
2014.06.17 07:09:15.710,1.81712,1.81731,1.08,1.58
2014.06.17 07:09:15.761,1.81712,1.81731,1.47,1.58
2014.06.17 07:09:16.165,1.81716,1.81736,1.38,1.00
2014.06.17 07:09:16.267,1.81721,1.81736,1.19,1.00
2014.06.17 07:09:16.317,1.81721,1.8174,1.69,1.00
2014.06.17 07:09:16.418,1.81724,1.81741,1.00,1.10
2014.06.17 07:09:16.732,1.8172,1.8173,1.00,1.10
2014.06.17 07:09:17.251,1.8172,1.81731,1.00,1.10
2014.06.17 07:09:20.228,1.8172,1.81729,1.10,1.10
2014.06.17 07:09:20.886,1.8172,1.81731,1.02,1.10
2014.06.17 07:09:23.292,1.8172,1.81731,1.29,1.10
2014.06.17 07:09:24.347,1.81717,1.81731,1.10,1.10
2014.06.17 07:09:24.601,1.81713,1.81731,1.00,1.10
2014.06.17 07:09:24.652,1.81711,1.8173,1.00,1.15
2014.06.17 07:09:24.958,1.81712,1.81722,1.00,1.10
2014.06.17 07:09:25.466,1.81711,1.81722,1.00,1.10
2014.06.17 07:09:26.070,1.81712,1.81722,1.00,1.10
2014.06.17 07:09:26.121,1.81709,1.81722,1.19,1.10
2014.06.17 07:09:26.625,1.81709,1.81722,1.25,1.10
2014.06.17 07:09:27.913,1.81709,1.81724,1.25,1.10
2014.06.17 07:09:28.107,1.81711,1.81724,1.00,1.10
2014.06.17 07:09:28.867,1.81709,1.81724,1.25,1.10
2014.06.17 07:09:29.228,1.81711,1.81724,1.00,1.10
2014.06.17 07:09:29.637,1.81706,1.81724,1.84,1.10
2014.06.17 07:09:29.857,1.81711,1.81724,1.00,1.10
2014.06.17 07:09:30.082,1.81706,1.81724,1.84,1.10
2014.06.17 07:09:30.328,1.81706,1.81724,1.84,1.10
2014.06.17 07:09:30.627,1.81711,1.81724,1.00,1.10
2014.06.17 07:09:31.166,1.81711,1.81725,1.00,1.10
2014.06.17 07:09:31.216,1.81706,1.81725,2.22,1.10
2014.06.17 07:09:31.318,1.81711,1.81725,1.00,1.10
2014.06.17 07:09:31.940,1.81711,1.81726,1.00,1.10
2014.06.17 07:09:32.060,1.81709,1.81726,1.10,1.10
2014.06.17 07:09:32.417,1.81711,1.81726,1.00,1.10
2014.06.17 07:09:32.882,1.81711,1.81724,1.00,1.10
2014.06.17 07:09:33.600,1.81709,1.81724,1.25,1.10
2014.06.17 07:09:33.931,1.81712,1.81724,1.00,1.10
2014.06.17 07:09:34.150,1.81709,1.81724,1.25,1.10
2014.06.17 07:09:35.598,1.81709,1.81725,1.25,1.10
2014.06.17 07:09:35.699,1.81709,1.81727,1.25,1.10
2014.06.17 07:09:36.794,1.81709,1.81724,1.25,1.00
2014.06.17 07:09:36.897,1.81709,1.81727,1.25,1.10
2014.06.17 07:09:37.527,1.81709,1.81726,1.25,1.10
2014.06.17 07:09:37.680,1.81709,1.81729,1.25,1.10
2014.06.17 07:09:38.325,1.81709,1.8173,1.19,1.65
2014.06.17 07:09:38.665,1.81709,1.81727,1.19,1.10
2014.06.17 07:09:39.241,1.81709,1.81727,1.27,1.10
2014.06.17 07:09:39.491,1.81709,1.81727,1.02,1.10
2014.06.17 07:09:39.719,1.81714,1.81727,1.00,1.10
2014.06.17 07:09:39.770,1.81714,1.81729,1.00,1.10
2014.06.17 07:09:39.872,1.81714,1.81732,1.32,1.20
2014.06.17 07:09:39.973,1.81716,1.81734,1.19,1.18
2014.06.17 07:09:40.126,1.81717,1.81736,1.27,1.18
2014.06.17 07:09:40.177,1.81717,1.81737,1.37,1.58
2014.06.17 07:09:40.445,1.81716,1.81733,1.34,1.00
2014.06.17 07:09:40.762,1.81716,1.81737,1.34,1.00
2014.06.17 07:09:40.968,1.81716,1.81737,1.64,1.00
2014.06.17 07:09:41.021,1.81719,1.81738,1.18,1.19
2014.06.17 07:09:41.122,1.81719,1.81733,1.08,1.00
2014.06.17 07:09:41.292,1.81717,1.81733,1.08,1.00
2014.06.17 07:09:41.800,1.81717,1.81733,1.00,1.00
2014.06.17 07:09:41.851,1.81717,1.81728,1.00,1.00
2014.06.17 07:09:42.388,1.81715,1.81728,1.10,1.00
2014.06.17 07:09:42.489,1.81715,1.81733,1.10,1.50
2014.06.17 07:09:42.874,1.81715,1.81728,1.10,1.00
2014.06.17 07:09:43.430,1.81715,1.81733,1.10,1.50
2014.06.17 07:09:43.853,1.81715,1.81729,1.10,1.00
2014.06.17 07:09:44.358,1.81714,1.81729,1.00,1.00
2014.06.17 07:09:44.408,1.81714,1.81733,1.00,1.00
2014.06.17 07:09:44.739,1.81715,1.81733,1.10,1.08
2014.06.17 07:09:45.042,1.81714,1.81729,1.00,1.00
2014.06.17 07:09:45.640,1.81714,1.81728,1.00,1.00
2014.06.17 07:09:45.691,1.81711,1.81728,1.00,1.00
2014.06.17 07:09:45.742,1.81711,1.81728,1.00,1.19
2014.06.17 07:09:45.792,1.81708,1.81728,1.00,1.19
2014.06.17 07:09:45.843,1.81708,1.81724,1.00,1.00
2014.06.17 07:09:45.995,1.81706,1.81724,1.00,1.00
2014.06.17 07:09:46.154,1.81706,1.81719,1.00,1.00
2014.06.17 07:09:46.590,1.81706,1.81725,1.00,1.73
2014.06.17 07:09:46.741,1.81706,1.81725,1.00,1.73
2014.06.17 07:09:47.246,1.81706,1.81724,1.00,1.58
2014.06.17 07:09:47.760,1.81706,1.81722,1.00,1.10
2014.06.17 07:09:48.817,1.81706,1.81723,1.00,1.00
2014.06.17 07:09:50.368,1.81706,1.81715,1.00,1.10
2014.06.17 07:09:50.419,1.81704,1.81715,1.00,1.10
2014.06.17 07:09:50.469,1.81704,1.81713,1.00,1.00
2014.06.17 07:09:50.520,1.81697,1.81713,1.10,1.10
2014.06.17 07:09:50.672,1.81697,1.81708,1.00,1.00
2014.06.17 07:09:50.723,1.81694,1.81708,1.00,1.10
2014.06.17 07:09:50.951,1.81691,1.81709,1.19,1.08
2014.06.17 07:09:51.002,1.81691,1.8171,1.19,1.10
2014.06.17 07:09:51.104,1.81693,1.81714,1.00,1.84
2014.06.17 07:09:51.206,1.81693,1.81714,1.00,1.84
2014.06.17 07:09:51.307,1.8169,1.81711,1.00,1.00
2014.06.17 07:09:51.358,1.8169,1.81709,1.00,1.00
2014.06.17 07:09:51.886,1.8169,1.81711,1.13,1.00
2014.06.17 07:09:51.937,1.8169,1.81711,1.20,1.00
2014.06.17 07:09:52.240,1.81694,1.81703,1.00,1.00
2014.06.17 07:09:52.341,1.81694,1.81709,1.00,1.00
2014.06.17 07:09:52.630,1.81694,1.81711,1.00,1.10
2014.06.17 07:09:53.419,1.81694,1.81708,1.00,1.00
2014.06.17 07:09:55.086,1.81694,1.81709,1.00,1.00
2014.06.17 07:09:55.768,1.81694,1.81704,1.00,1.00
2014.06.17 07:09:55.819,1.81691,1.81704,1.00,1.00
2014.06.17 07:09:56.021,1.81687,1.81704,1.40,1.00
2014.06.17 07:09:56.173,1.81687,1.81695,1.15,1.00
2014.06.17 07:09:56.325,1.81682,1.81694,1.19,1.00
2014.06.17 07:09:56.427,1.81682,1.81691,1.00,1.10
2014.06.17 07:09:56.478,1.81679,1.81691,1.10,1.10
2014.06.17 07:09:56.847,1.81679,1.81694,1.00,1.00
2014.06.17 07:09:57.151,1.81679,1.81699,1.00,1.65
2014.06.17 07:09:57.252,1.81683,1.81699,1.00,1.58
2014.06.17 07:09:57.586,1.81685,1.81699,1.38,1.10
2014.06.17 07:09:57.637,1.81686,1.81706,1.13,1.00
2014.06.17 07:09:57.739,1.81685,1.81706,1.09,1.00
2014.06.17 07:09:57.790,1.81687,1.81708,1.08,1.50
2014.06.17 07:09:58.093,1.81704,1.81713,1.10,1.00
2014.06.17 07:09:58.194,1.81698,1.81714,1.00,1.00
2014.06.17 07:09:58.397,1.81698,1.81717,1.00,1.02
2014.06.17 07:09:58.651,1.81701,1.81719,1.00,1.00
2014.06.17 07:09:58.955,1.81704,1.81719,1.00,1.00
2014.06.17 07:09:59.006,1.81701,1.81719,1.02,1.00
2014.06.17 07:09:59.632,1.81701,1.81718,1.00,1.00
2014.06.17 07:10:00.118,1.81701,1.8172,1.25,1.58
2014.06.17 07:10:00.269,1.81701,1.81718,1.33,1.00
2014.06.17 07:10:00.881,1.81701,1.81714,1.09,1.00
2014.06.17 07:10:01.456,1.81701,1.81714,3.64,1.00
2014.06.17 07:10:01.760,1.8171,1.81727,1.77,1.10
2014.06.17 07:10:01.911,1.81715,1.81729,1.02,1.00
2014.06.17 07:10:02.369,1.81715,1.81729,1.29,1.00
2014.06.17 07:10:02.672,1.81731,1.81746,1.10,1.13
2014.06.17 07:10:02.724,1.81738,1.81746,1.10,1.88
2014.06.17 07:10:02.877,1.81741,1.81749,1.10,1.13
2014.06.17 07:10:02.928,1.81736,1.81749,1.19,1.00
2014.06.17 07:10:03.029,1.81736,1.81749,1.27,1.00
2014.06.17 07:10:03.130,1.81736,1.81749,1.00,1.00
2014.06.17 07:10:03.347,1.81733,1.81744,1.00,1.00
2014.06.17 07:10:03.398,1.81731,1.81744,1.20,1.00
2014.06.17 07:10:03.651,1.81731,1.81739,1.10,1.00
2014.06.17 07:10:03.995,1.81725,1.81736,1.08,1.00
2014.06.17 07:10:04.047,1.81723,1.81734,1.39,1.00
2014.06.17 07:10:04.409,1.81724,1.8173,1.10,1.00
2014.06.17 07:10:04.461,1.81721,1.81729,1.00,1.00
2014.06.17 07:10:04.613,1.81718,1.81729,1.00,1.00
2014.06.17 07:10:05.426,1.81718,1.81734,1.00,1.00
2014.06.17 07:10:05.836,1.81718,1.81738,1.19,1.25
2014.06.17 07:10:06.197,1.81718,1.81729,1.64,1.00
2014.06.17 07:10:06.399,1.81719,1.81738,1.72,1.00
2014.06.17 07:10:07.157,1.81724,1.81734,1.02,1.00
2014.06.17 07:10:07.369,1.8172,1.81738,1.47,1.00
2014.06.17 07:10:07.654,1.81719,1.81736,1.74,1.10
2014.06.17 07:10:08.678,1.81719,1.81736,1.37,1.10
2014.06.17 07:10:09.683,1.81719,1.81736,1.19,1.10
2014.06.17 07:10:12.141,1.81719,1.81738,1.34,1.00
2014.06.17 07:10:12.304,1.8172,1.81738,1.47,1.00
2014.06.17 07:10:12.466,1.8172,1.81743,1.77,1.58
2014.06.17 07:10:12.667,1.81723,1.81738,1.34,1.00
2014.06.17 07:10:13.217,1.81723,1.81739,1.19,1.00
2014.06.17 07:10:13.635,1.81723,1.81743,1.19,1.10
2014.06.17 07:10:13.736,1.81723,1.81748,1.84,1.10
2014.06.17 07:10:13.838,1.81727,1.8175,1.39,1.00
2014.06.17 07:10:14.141,1.81732,1.81754,1.34,1.00
2014.06.17 07:10:14.652,1.81734,1.81753,1.39,1.00
2014.06.17 07:10:15.157,1.81735,1.81754,1.19,1.00
2014.06.17 07:10:15.668,1.81737,1.81757,1.57,1.10
2014.06.17 07:10:15.971,1.81737,1.81753,1.19,1.15
2014.06.17 07:10:16.274,1.81724,1.81743,1.77,1.00
2014.06.17 07:10:16.326,1.81724,1.81743,1.25,1.00
2014.06.17 07:10:16.888,1.81721,1.81743,1.19,1.29
2014.06.17 07:10:17.158,1.81721,1.81734,1.00,1.00
2014.06.17 07:10:17.260,1.81719,1.81734,1.00,1.00
2014.06.17 07:10:17.361,1.81715,1.81728,1.19,1.00
2014.06.17 07:10:17.463,1.81715,1.81728,1.25,1.00
2014.06.17 07:10:17.564,1.81715,1.81733,1.25,1.00
2014.06.17 07:10:17.917,1.81715,1.81729,1.25,1.00
2014.06.17 07:10:18.124,1.81711,1.81734,2.07,1.92
2014.06.17 07:10:18.645,1.81711,1.81734,2.89,1.39
2014.06.17 07:10:18.855,1.81711,1.81732,2.70,1.19
2014.06.17 07:10:19.159,1.81711,1.81717,1.00,1.10
2014.06.17 07:10:19.210,1.81711,1.81722,1.00,1.25
2014.06.17 07:10:19.312,1.81711,1.81727,1.00,1.00
2014.06.17 07:10:19.413,1.8171,1.81733,1.39,1.84
2014.06.17 07:10:19.565,1.81709,1.81729,1.19,1.19
2014.06.17 07:10:19.868,1.81709,1.81733,1.19,1.37
2014.06.17 07:10:19.969,1.81712,1.81733,1.19,1.10
2014.06.17 07:10:20.070,1.81715,1.81733,1.29,1.00
2014.06.17 07:10:20.223,1.81722,1.81741,1.72,1.25
2014.06.17 07:10:20.280,1.81722,1.81741,1.77,1.00
2014.06.17 07:10:20.381,1.81722,1.81741,2.44,1.00
2014.06.17 07:10:20.432,1.81727,1.81737,1.20,1.10
2014.06.17 07:10:21.197,1.81727,1.81746,1.09,1.25
2014.06.17 07:10:21.247,1.81727,1.81746,1.09,1.25
2014.06.17 07:10:21.578,1.81729,1.81748,1.15,1.02
2014.06.17 07:10:21.881,1.81729,1.81749,1.34,1.00
2014.06.17 07:10:22.421,1.81731,1.81748,1.29,1.00
2014.06.17 07:10:22.724,1.81729,1.81747,1.00,1.44
2014.06.17 07:10:22.774,1.81727,1.81747,1.25,1.92
2014.06.17 07:10:23.410,1.81726,1.81743,1.00,1.29
2014.06.17 07:10:23.969,1.81723,1.81743,1.19,1.77
2014.06.17 07:10:24.352,1.81723,1.81743,1.25,1.29
2014.06.17 07:10:24.691,1.81723,1.81742,1.00,1.19
2014.06.17 07:10:24.994,1.81727,1.81744,1.00,1.77
2014.06.17 07:10:25.675,1.81727,1.81743,1.00,1.00
2014.06.17 07:10:25.878,1.81727,1.8174,1.00,1.19
2014.06.17 07:10:25.929,1.81724,1.8174,1.00,1.27
2014.06.17 07:10:26.030,1.81721,1.8174,1.00,1.39
2014.06.17 07:10:26.081,1.81721,1.81735,1.00,1.37
2014.06.17 07:10:26.497,1.81722,1.81735,1.00,1.25
2014.06.17 07:10:26.750,1.81716,1.81735,1.25,1.02
2014.06.17 07:10:26.851,1.81714,1.81733,1.19,1.00
2014.06.17 07:10:26.902,1.81714,1.81733,1.00,1.19
2014.06.17 07:10:27.155,1.81717,1.81731,1.00,1.10
2014.06.17 07:10:27.718,1.81717,1.81735,1.00,1.29
2014.06.17 07:10:28.226,1.81717,1.81736,2.78,1.77
2014.06.17 07:10:28.468,1.81717,1.81736,2.97,1.29
2014.06.17 07:10:30.594,1.81721,1.81736,1.00,1.29
2014.06.17 07:10:31.587,1.81721,1.81736,1.00,1.29
2014.06.17 07:10:35.871,1.81718,1.81738,1.15,3.27
2014.06.17 07:10:36.023,1.81718,1.81738,1.15,2.52
2014.06.17 07:10:37.239,1.81717,1.81737,1.53,1.77
2014.06.17 07:10:37.994,1.81717,1.81737,3.00,1.19
2014.06.17 07:10:38.045,1.81717,1.81738,3.19,1.19
2014.06.17 07:10:38.610,1.8172,1.81738,1.25,1.19
2014.06.17 07:10:38.661,1.8172,1.81738,1.63,1.19
2014.06.17 07:10:38.889,1.81717,1.81738,1.72,1.19
2014.06.17 07:10:39.142,1.81722,1.81738,1.00,1.00
2014.06.17 07:10:40.155,1.81717,1.81738,4.09,1.19
2014.06.17 07:10:40.812,1.81717,1.81738,2.22,1.19
2014.06.17 07:10:41.479,1.81717,1.81738,2.22,1.19
2014.06.17 07:10:41.682,1.81717,1.81738,1.13,1.19
2014.06.17 07:10:42.674,1.81717,1.81737,1.00,1.19
2014.06.17 07:10:45.707,1.81717,1.81735,1.00,1.29
2014.06.17 07:10:46.184,1.81717,1.81736,1.64,1.29
2014.06.17 07:10:46.234,1.81717,1.81736,1.64,1.29
2014.06.17 07:10:46.346,1.81717,1.81736,1.72,1.29
2014.06.17 07:10:46.397,1.81722,1.81736,1.00,1.29
2014.06.17 07:10:46.903,1.81722,1.81739,1.15,1.77
2014.06.17 07:10:47.056,1.81718,1.81735,1.09,1.02
2014.06.17 07:10:47.106,1.81718,1.81735,1.18,1.29
2014.06.17 07:10:47.157,1.81718,1.81735,1.00,1.29
2014.06.17 07:10:47.511,1.81718,1.81732,1.00,1.29
2014.06.17 07:10:47.663,1.81716,1.81732,1.00,1.29
2014.06.17 07:10:47.714,1.81713,1.81732,1.25,1.29
2014.06.17 07:10:49.913,1.81713,1.81729,1.00,1.19
2014.06.17 07:10:50.279,1.81709,1.81723,1.40,1.10
2014.06.17 07:10:51.468,1.81712,1.81723,1.00,1.10
2014.06.17 07:10:51.990,1.81709,1.81723,1.34,1.10
2014.06.17 07:10:52.609,1.81709,1.81722,1.15,1.10
2014.06.17 07:10:53.143,1.81712,1.81722,1.00,1.10
2014.06.17 07:10:53.714,1.81711,1.81722,1.10,1.10
2014.06.17 07:10:54.424,1.81712,1.81722,1.00,1.10
2014.06.17 07:10:54.811,1.81712,1.81724,1.00,1.10
2014.06.17 07:10:55.318,1.81711,1.81724,1.00,1.10
2014.06.17 07:10:55.838,1.81712,1.81724,1.00,1.10
2014.06.17 07:10:56.355,1.81711,1.81724,1.00,1.10
2014.06.17 07:10:57.212,1.81712,1.81724,1.00,1.10
2014.06.17 07:10:58.382,1.81711,1.81724,1.00,1.10
2014.06.17 07:10:58.484,1.81711,1.81722,1.00,1.10
2014.06.17 07:10:58.636,1.81709,1.81722,1.00,1.10
2014.06.17 07:10:58.686,1.81709,1.8172,1.00,1.10
2014.06.17 07:10:58.992,1.81712,1.8172,1.00,1.10
2014.06.17 07:11:00.001,1.81712,1.81722,1.00,1.10
2014.06.17 07:11:01.679,1.81711,1.81722,1.00,1.10
2014.06.17 07:11:02.182,1.81711,1.81723,1.00,1.10
2014.06.17 07:11:02.233,1.81711,1.81718,1.00,1.10
2014.06.17 07:11:02.584,1.81711,1.81717,1.00,1.10
2014.06.17 07:11:03.204,1.81711,1.81716,1.00,1.10
2014.06.17 07:11:04.134,1.81707,1.81715,1.00,1.10
2014.06.17 07:11:05.860,1.81706,1.81715,1.00,1.10
2014.06.17 07:11:06.390,1.81707,1.81715,1.00,1.10
2014.06.17 07:11:07.199,1.81706,1.81715,1.00,1.10
2014.06.17 07:11:07.401,1.81702,1.8171,1.00,1.10
2014.06.17 07:11:07.855,1.81696,1.8171,1.00,1.10
2014.06.17 07:11:07.956,1.81696,1.81706,1.00,1.10
2014.06.17 07:11:09.732,1.81692,1.81706,1.29,1.10
2014.06.17 07:11:09.935,1.81692,1.81703,1.00,1.10
2014.06.17 07:11:10.148,1.81689,1.81703,1.25,1.10
2014.06.17 07:11:10.350,1.81689,1.81701,1.25,1.10
2014.06.17 07:11:10.742,1.81687,1.81699,1.19,1.10
2014.06.17 07:11:10.858,1.81686,1.81705,1.19,1.10
2014.06.17 07:11:11.060,1.81692,1.81706,1.00,1.17
2014.06.17 07:11:12.045,1.81692,1.81706,1.00,1.02
2014.06.17 07:11:12.920,1.81689,1.81706,1.25,1.02
2014.06.17 07:11:12.971,1.81689,1.817,1.25,1.10
2014.06.17 07:11:13.338,1.81692,1.817,1.00,1.10
2014.06.17 07:11:13.602,1.81687,1.817,1.19,1.10
2014.06.17 07:11:14.131,1.81687,1.817,1.19,1.10
2014.06.17 07:11:15.005,1.81687,1.817,1.25,1.10
2014.06.17 07:11:15.317,1.81692,1.817,1.00,1.10
2014.06.17 07:11:16.111,1.81686,1.817,1.00,1.10
2014.06.17 07:11:16.313,1.81681,1.817,1.00,1.44
2014.06.17 07:11:16.364,1.81681,1.81692,1.00,1.10
2014.06.17 07:11:16.414,1.81678,1.81692,1.38,1.10
2014.06.17 07:11:16.465,1.81682,1.81692,1.00,1.10
2014.06.17 07:11:16.979,1.81681,1.81695,1.00,1.29
2014.06.17 07:11:17.454,1.81687,1.81694,1.00,1.10
2014.06.17 07:11:17.707,1.81687,1.81697,1.00,1.02
2014.06.17 07:11:17.914,1.81686,1.81691,1.00,1.10
2014.06.17 07:11:18.108,1.81682,1.81691,1.00,1.10
2014.06.17 07:11:18.319,1.81677,1.81691,1.39,1.10
2014.06.17 07:11:18.471,1.81681,1.817,1.19,1.58
2014.06.17 07:11:18.841,1.81687,1.817,1.00,1.10
2014.06.17 07:11:19.094,1.81682,1.81697,1.25,1.10
2014.06.17 07:11:19.397,1.81686,1.81697,1.00,1.10
2014.06.17 07:11:19.448,1.81686,1.81702,1.00,1.77
2014.06.17 07:11:19.854,1.81681,1.81702,1.19,1.77
2014.06.17 07:11:19.905,1.81681,1.81696,1.19,1.10
2014.06.17 07:11:20.223,1.81681,1.81702,1.19,1.09
2014.06.17 07:11:20.433,1.81681,1.81696,1.19,1.10
2014.06.17 07:11:21.199,1.81681,1.81691,1.19,1.10
2014.06.17 07:11:22.128,1.81681,1.81693,1.19,1.10
2014.06.17 07:11:22.182,1.81681,1.81693,1.25,1.10
2014.06.17 07:11:22.233,1.81681,1.81691,1.25,1.10
2014.06.17 07:11:23.050,1.81686,1.81691,1.00,1.10
2014.06.17 07:11:23.346,1.81681,1.81691,1.25,1.10
2014.06.17 07:11:23.491,1.81687,1.81691,1.00,1.10
2014.06.17 07:11:25.389,1.81687,1.817,1.00,1.34
2014.06.17 07:11:25.591,1.81687,1.81701,1.02,1.10
2014.06.17 07:11:25.746,1.81686,1.81701,1.27,1.10
2014.06.17 07:11:26.049,1.81687,1.81696,1.19,1.10
2014.06.17 07:11:26.151,1.81686,1.81701,1.29,1.10
2014.06.17 07:11:27.188,1.81686,1.81701,1.27,1.10
2014.06.17 07:11:28.510,1.81687,1.81706,1.19,1.10
2014.06.17 07:11:29.294,1.81687,1.81706,1.19,1.10
2014.06.17 07:11:29.834,1.81687,1.81706,1.19,1.28
2014.06.17 07:11:30.238,1.81689,1.81709,1.32,1.00
2014.06.17 07:11:30.390,1.81692,1.81713,1.19,1.40
2014.06.17 07:11:30.693,1.81689,1.81706,1.69,1.10
2014.06.17 07:11:30.895,1.81687,1.81706,1.29,1.10
2014.06.17 07:11:32.127,1.81691,1.81706,1.00,1.09
2014.06.17 07:11:32.177,1.81686,1.81706,1.19,1.17
2014.06.17 07:11:32.337,1.81686,1.81706,1.00,1.44
2014.06.17 07:11:32.438,1.81687,1.81696,1.00,1.10
2014.06.17 07:11:32.640,1.81682,1.81696,1.99,1.10
2014.06.17 07:11:33.336,1.81682,1.81696,1.99,1.10
2014.06.17 07:11:36.847,1.81682,1.81699,1.94,1.10
2014.06.17 07:11:37.038,1.81682,1.81697,1.94,1.10
2014.06.17 07:11:37.538,1.81686,1.81697,1.00,1.10
2014.06.17 07:11:37.690,1.81682,1.81697,1.94,1.10
2014.06.17 07:11:38.402,1.81682,1.81697,1.94,1.10
2014.06.17 07:11:40.398,1.81682,1.81697,1.52,1.10
2014.06.17 07:11:41.096,1.81682,1.81698,1.52,1.10
2014.06.17 07:11:41.437,1.81687,1.81698,1.00,1.10
2014.06.17 07:11:43.305,1.81687,1.81698,1.19,1.10
2014.06.17 07:11:43.608,1.81692,1.81704,1.19,1.10
2014.06.17 07:11:43.659,1.81692,1.81707,1.19,1.00
2014.06.17 07:11:43.861,1.81692,1.81709,1.19,1.10
2014.06.17 07:11:43.912,1.81692,1.81709,1.25,1.10
2014.06.17 07:11:43.963,1.81692,1.81703,1.25,1.10
2014.06.17 07:11:44.266,1.81696,1.81703,1.00,1.10
2014.06.17 07:11:46.043,1.81691,1.81703,1.19,1.10
2014.06.17 07:11:46.904,1.81691,1.81703,1.25,1.10
2014.06.17 07:11:47.566,1.81692,1.81703,1.00,1.10
2014.06.17 07:11:48.664,1.81692,1.81703,1.38,1.10
2014.06.17 07:11:48.715,1.81692,1.81709,1.57,1.10
2014.06.17 07:11:48.917,1.81696,1.81712,1.19,1.10
2014.06.17 07:11:49.473,1.81697,1.81714,1.29,1.10
2014.06.17 07:11:50.120,1.81702,1.81717,1.25,1.00
2014.06.17 07:11:50.323,1.81702,1.81723,1.84,1.19
2014.06.17 07:11:51.442,1.81702,1.81723,1.39,1.00
2014.06.17 07:11:52.437,1.81702,1.81721,1.84,1.10
2014.06.17 07:11:52.740,1.81701,1.81714,1.19,1.10
2014.06.17 07:11:52.892,1.81702,1.81718,1.19,1.10
2014.06.17 07:11:53.733,1.81702,1.81718,1.69,1.10
2014.06.17 07:11:54.872,1.81702,1.81718,1.69,1.10
2014.06.17 07:11:55.956,1.81702,1.8172,1.69,1.10
2014.06.17 07:11:56.258,1.81702,1.81723,1.84,1.25
2014.06.17 07:11:56.410,1.81702,1.81719,1.37,1.10
2014.06.17 07:11:56.744,1.81701,1.81712,1.34,1.10
2014.06.17 07:11:56.946,1.81702,1.81719,1.37,1.10
2014.06.17 07:11:57.153,1.81702,1.81719,1.29,1.10
2014.06.17 07:11:57.886,1.81701,1.81718,1.19,1.00
2014.06.17 07:11:58.478,1.81701,1.81718,1.19,1.00
2014.06.17 07:11:59.234,1.81701,1.81719,1.69,1.10
2014.06.17 07:11:59.910,1.81701,1.8172,1.69,1.00
2014.06.17 07:12:00.218,1.81701,1.81718,1.77,1.10
2014.06.17 07:12:00.529,1.81701,1.81712,1.69,1.10
2014.06.17 07:12:00.757,1.81701,1.81718,1.69,1.10
2014.06.17 07:12:01.261,1.81701,1.81718,1.69,1.10
2014.06.17 07:12:02.552,1.81701,1.81715,1.19,1.10
2014.06.17 07:12:03.070,1.81701,1.81708,1.19,1.00
2014.06.17 07:12:03.121,1.81696,1.81708,1.08,1.00
2014.06.17 07:12:03.172,1.81696,1.81703,1.00,1.10
2014.06.17 07:12:03.223,1.81687,1.81703,2.44,1.10
2014.06.17 07:12:03.274,1.81687,1.81703,2.07,1.10
2014.06.17 07:12:03.425,1.81682,1.81694,1.57,1.10
2014.06.17 07:12:03.577,1.81682,1.81694,1.63,1.10
2014.06.17 07:12:03.729,1.8168,1.81694,1.19,1.10
2014.06.17 07:12:03.940,1.8168,1.8169,1.19,1.10
2014.06.17 07:12:04.041,1.81676,1.8169,1.19,1.10
2014.06.17 07:12:04.142,1.81676,1.8169,1.00,1.10
2014.06.17 07:12:04.193,1.81676,1.81685,1.00,1.10
2014.06.17 07:12:04.244,1.81671,1.81685,1.39,1.10
2014.06.17 07:12:04.446,1.81667,1.81684,1.19,1.00
2014.06.17 07:12:04.598,1.81667,1.81678,1.19,1.00
2014.06.17 07:12:04.902,1.81667,1.81676,1.19,1.10
2014.06.17 07:12:05.070,1.81664,1.81678,1.19,1.10
2014.06.17 07:12:05.183,1.81664,1.81674,1.05,1.10
2014.06.17 07:12:05.235,1.81663,1.81673,1.49,1.10
2014.06.17 07:12:05.286,1.81661,1.81676,1.69,1.10
2014.06.17 07:12:05.388,1.81661,1.81673,1.19,1.00
2014.06.17 07:12:05.438,1.81658,1.81673,2.14,1.00
2014.06.17 07:12:05.662,1.81662,1.81672,1.57,1.10
2014.06.17 07:12:05.713,1.81662,1.81678,1.57,1.58
2014.06.17 07:12:06.728,1.81663,1.81678,1.47,1.10
2014.06.17 07:12:07.456,1.81663,1.81679,1.47,1.10
2014.06.17 07:12:07.732,1.81662,1.81679,1.72,1.10
2014.06.17 07:12:08.487,1.81667,1.81682,1.19,1.10
2014.06.17 07:12:08.739,1.81666,1.81682,1.84,1.10
2014.06.17 07:12:09.376,1.81667,1.81682,1.37,1.10
2014.06.17 07:12:09.428,1.81667,1.81689,1.37,1.58
2014.06.17 07:12:10.016,1.81667,1.81688,1.39,1.00
2014.06.17 07:12:10.411,1.81667,1.81683,1.34,1.00
2014.06.17 07:12:10.688,1.81669,1.81687,1.19,1.10
2014.06.17 07:12:11.460,1.81668,1.81687,1.29,1.10
2014.06.17 07:12:12.494,1.81666,1.81687,2.59,1.10
2014.06.17 07:12:12.646,1.81666,1.81683,2.22,1.00
2014.06.17 07:12:12.957,1.81666,1.81689,2.22,1.58
2014.06.17 07:12:14.606,1.81667,1.81684,1.37,1.00
2014.06.17 07:12:14.808,1.81666,1.81684,1.34,1.00
2014.06.17 07:12:15.986,1.81663,1.81684,1.84,1.58
2014.06.17 07:12:17.036,1.81663,1.81684,1.34,1.00
2014.06.17 07:12:17.578,1.81663,1.81688,1.34,1.77
2014.06.17 07:12:18.102,1.81663,1.81688,1.84,1.77
2014.06.17 07:12:19.012,1.81663,1.81686,1.84,1.10
2014.06.17 07:12:19.452,1.81663,1.81684,2.52,1.10
2014.06.17 07:12:19.553,1.81663,1.81688,2.82,2.52
2014.06.17 07:12:19.604,1.81666,1.81688,1.84,1.58
2014.06.17 07:12:19.908,1.8167,1.81689,1.27,1.00
2014.06.17 07:12:20.855,1.81669,1.81689,1.19,1.00
2014.06.17 07:12:22.923,1.81672,1.81689,1.72,1.00
2014.06.17 07:12:23.239,1.81677,1.81694,1.74,1.58
2014.06.17 07:12:23.557,1.81677,1.81689,1.74,1.00
2014.06.17 07:12:24.435,1.81679,1.81689,1.29,1.00
2014.06.17 07:12:26.044,1.81679,1.81689,1.10,1.00
2014.06.17 07:12:26.617,1.81679,1.81689,1.19,1.58
2014.06.17 07:12:27.365,1.81679,1.81688,1.00,1.00
2014.06.17 07:12:27.641,1.81677,1.81688,1.77,1.00
2014.06.17 07:12:28.825,1.81677,1.81689,1.77,1.10
2014.06.17 07:12:29.649,1.81677,1.81689,1.29,1.10
2014.06.17 07:12:30.252,1.81679,1.81689,1.19,1.58
2014.06.17 07:12:31.357,1.81678,1.81689,1.19,1.58
2014.06.17 07:12:31.919,1.81678,1.81688,1.19,1.00
2014.06.17 07:12:32.696,1.81682,1.81688,1.13,1.00
2014.06.17 07:12:32.747,1.81682,1.81689,1.58,1.10
2014.06.17 07:12:32.849,1.81682,1.81692,1.58,1.10
2014.06.17 07:12:32.899,1.81684,1.81699,1.34,1.00
2014.06.17 07:12:32.950,1.81684,1.81699,1.34,1.00
2014.06.17 07:12:33.001,1.81687,1.817,1.29,1.10
2014.06.17 07:12:33.053,1.81687,1.81702,1.29,1.10
2014.06.17 07:12:33.104,1.81687,1.81698,1.34,1.00
2014.06.17 07:12:33.310,1.81687,1.81704,1.72,1.00
2014.06.17 07:12:33.639,1.81688,1.81699,1.47,1.00
2014.06.17 07:12:34.164,1.81688,1.81709,1.47,1.10
2014.06.17 07:12:34.317,1.81692,1.81709,1.34,1.10
2014.06.17 07:12:34.418,1.81693,1.81705,1.34,1.00
2014.06.17 07:12:34.726,1.81698,1.81719,1.27,1.10
2014.06.17 07:12:34.878,1.81698,1.81709,1.08,1.00
2014.06.17 07:12:35.395,1.81698,1.81709,1.08,1.00
2014.06.17 07:12:35.813,1.81697,1.81719,1.37,1.10
2014.06.17 07:12:36.425,1.81697,1.81709,1.37,1.00
2014.06.17 07:12:36.608,1.81693,1.81708,1.47,1.00
2014.06.17 07:12:36.811,1.81694,1.81701,1.10,1.00
2014.06.17 07:12:36.862,1.81692,1.81704,1.08,1.00
2014.06.17 07:12:37.413,1.81689,1.81704,1.34,1.00
2014.06.17 07:12:37.969,1.81689,1.81704,1.34,1.00
2014.06.17 07:12:38.585,1.81689,1.817,1.34,1.00
2014.06.17 07:12:38.916,1.81692,1.81711,1.77,1.10
2014.06.17 07:12:38.974,1.81696,1.81708,1.02,1.00
2014.06.17 07:12:39.075,1.81699,1.81709,2.07,1.00
2014.06.17 07:12:39.278,1.81703,1.81713,1.37,1.00
2014.06.17 07:12:39.380,1.81703,1.81717,1.37,1.10
2014.06.17 07:12:39.582,1.81707,1.81724,1.27,1.00
2014.06.17 07:12:39.927,1.81707,1.81719,1.37,1.00
2014.06.17 07:12:40.229,1.81707,1.81719,1.37,1.00
2014.06.17 07:12:41.564,1.81707,1.81715,1.00,1.00
2014.06.17 07:12:41.768,1.81702,1.81714,1.27,1.00
2014.06.17 07:12:42.122,1.81702,1.8171,1.00,1.00
2014.06.17 07:12:42.688,1.81703,1.81714,1.19,1.00
2014.06.17 07:12:45.369,1.81705,1.81723,1.27,1.10
2014.06.17 07:12:45.420,1.81705,1.81723,1.34,1.10
2014.06.17 07:12:45.471,1.81707,1.81724,1.67,1.00
2014.06.17 07:12:45.774,1.81714,1.81723,1.15,1.10
2014.06.17 07:12:45.927,1.8171,1.81719,1.72,1.00
2014.06.17 07:12:46.779,1.81707,1.81718,1.77,1.00
2014.06.17 07:12:47.613,1.81707,1.81723,1.77,1.00
2014.06.17 07:12:49.279,1.81707,1.81723,1.77,1.58
2014.06.17 07:12:50.284,1.81707,1.81723,1.77,1.10
2014.06.17 07:12:50.938,1.81707,1.81724,1.77,1.00
2014.06.17 07:12:53.271,1.81707,1.81724,1.34,1.00
2014.06.17 07:12:53.321,1.81707,1.81724,1.08,1.19
2014.06.17 07:12:53.625,1.81698,1.81714,1.00,1.25
2014.06.17 07:12:53.676,1.81695,1.81709,1.34,1.00
2014.06.17 07:12:53.979,1.81695,1.81704,1.27,1.00
2014.06.17 07:12:54.131,1.81702,1.81718,1.29,1.00
2014.06.17 07:12:54.232,1.81701,1.81718,1.28,1.00
2014.06.17 07:12:54.535,1.81701,1.81714,1.77,1.00
2014.06.17 07:12:54.839,1.81693,1.81705,1.13,1.10
2014.06.17 07:12:54.891,1.81693,1.81709,1.13,1.00
2014.06.17 07:12:54.992,1.81694,1.81714,1.02,1.00
2014.06.17 07:12:55.162,1.81699,1.81708,1.02,1.00
2014.06.17 07:12:55.368,1.81692,1.81707,1.37,1.10
2014.06.17 07:12:55.470,1.81693,1.81716,1.57,1.18
2014.06.17 07:12:55.672,1.81694,1.81707,2.07,1.10
2014.06.17 07:12:55.875,1.81695,1.81707,1.29,1.10
2014.06.17 07:12:55.976,1.81695,1.81713,1.19,1.25
2014.06.17 07:12:56.077,1.81697,1.81708,1.10,1.00
2014.06.17 07:12:56.609,1.81695,1.81707,1.19,1.10
2014.06.17 07:12:56.660,1.81695,1.81714,1.19,1.77
2014.06.17 07:12:56.868,1.81695,1.81707,1.19,1.10
2014.06.17 07:12:57.020,1.81691,1.81707,1.25,1.10
2014.06.17 07:12:57.070,1.81691,1.81707,1.19,1.10
2014.06.17 07:12:57.239,1.81691,1.81712,1.27,1.25
2014.06.17 07:12:58.607,1.81691,1.81708,1.34,1.00
2014.06.17 07:12:58.851,1.81691,1.81712,1.34,1.25
2014.06.17 07:13:00.934,1.81695,1.81714,1.25,1.25
2014.06.17 07:13:00.985,1.81695,1.81714,1.19,1.00
2014.06.17 07:13:01.289,1.81699,1.81718,2.59,1.50
2014.06.17 07:13:01.390,1.81702,1.81721,1.92,1.00
2014.06.17 07:13:01.593,1.81702,1.81713,1.92,1.00
2014.06.17 07:13:02.047,1.81703,1.81713,1.27,1.00
2014.06.17 07:13:02.148,1.81703,1.81719,1.34,1.00
2014.06.17 07:13:02.501,1.81706,1.81719,1.18,1.00
2014.06.17 07:13:02.811,1.81706,1.81714,1.18,1.00
2014.06.17 07:13:03.142,1.81704,1.81721,1.02,1.02
2014.06.17 07:13:03.394,1.81701,1.81718,1.29,1.00
2014.06.17 07:13:03.707,1.81699,1.81713,1.19,1.00
2014.06.17 07:13:04.010,1.81699,1.81713,1.19,1.00
2014.06.17 07:13:04.113,1.81699,1.81718,1.19,1.00
2014.06.17 07:13:04.792,1.81699,1.81713,1.19,1.00
2014.06.17 07:13:05.561,1.81699,1.81714,1.34,1.00
2014.06.17 07:13:06.017,1.81695,1.81713,1.34,1.00
2014.06.17 07:13:06.320,1.81696,1.81716,1.29,1.00
2014.06.17 07:13:06.856,1.81699,1.81713,1.29,1.00
2014.06.17 07:13:07.159,1.81695,1.81709,1.29,1.00
2014.06.17 07:13:07.304,1.81695,1.81709,1.29,1.00
2014.06.17 07:13:08.809,1.81695,1.81709,1.10,1.00
2014.06.17 07:13:08.911,1.81695,1.81707,1.10,1.10
2014.06.17 07:13:09.062,1.81691,1.81707,1.84,1.10
2014.06.17 07:13:09.469,1.81688,1.81709,1.74,1.50
2014.06.17 07:13:09.976,1.81688,1.81708,1.37,1.00
2014.06.17 07:13:10.238,1.81688,1.81708,1.34,1.00
2014.06.17 07:13:11.328,1.8169,1.81708,1.34,1.00
2014.06.17 07:13:11.379,1.8169,1.81711,1.34,1.00
2014.06.17 07:13:11.631,1.8169,1.81709,1.47,1.00
2014.06.17 07:13:12.306,1.81689,1.81708,1.77,1.00
2014.06.17 07:13:12.611,1.81688,1.81706,1.19,1.00
2014.06.17 07:13:13.102,1.81688,1.81706,1.19,1.18
2014.06.17 07:13:13.153,1.81685,1.81706,2.14,1.15
2014.06.17 07:13:13.355,1.81685,1.81698,1.77,1.00
2014.06.17 07:13:13.457,1.8168,1.81701,2.22,1.00
2014.06.17 07:13:13.710,1.8168,1.81699,1.69,1.00
2014.06.17 07:13:14.114,1.8168,1.81701,1.69,1.00
2014.06.17 07:13:14.472,1.81678,1.81697,2.14,1.00
2014.06.17 07:13:15.580,1.81682,1.81697,1.19,1.00
2014.06.17 07:13:15.828,1.81682,1.817,1.19,1.00
2014.06.17 07:13:15.878,1.81682,1.817,1.19,1.00
2014.06.17 07:13:16.043,1.81688,1.81704,1.29,1.00
2014.06.17 07:13:16.094,1.81687,1.81704,1.29,1.00
2014.06.17 07:13:16.598,1.81685,1.81703,1.84,1.00
2014.06.17 07:13:19.702,1.81685,1.81703,1.39,1.50
2014.06.17 07:13:20.203,1.8168,1.81699,1.34,1.50
2014.06.17 07:13:20.405,1.81679,1.81697,1.84,1.00
2014.06.17 07:13:21.600,1.81677,1.81697,1.77,1.00
2014.06.17 07:13:22.606,1.81677,1.81697,1.29,1.00
2014.06.17 07:13:23.612,1.81677,1.81697,1.29,1.00
2014.06.17 07:13:24.431,1.8168,1.81697,1.29,1.00
2014.06.17 07:13:24.936,1.81677,1.81697,1.37,1.00
2014.06.17 07:13:24.987,1.81676,1.81694,1.84,1.10
2014.06.17 07:13:26.170,1.81677,1.81694,1.34,1.00
2014.06.17 07:13:27.677,1.81682,1.81694,1.19,1.00
2014.06.17 07:13:27.778,1.81682,1.81697,1.19,1.00
2014.06.17 07:13:29.429,1.81682,1.81699,1.37,1.00
2014.06.17 07:13:29.676,1.81682,1.81699,1.37,1.00
2014.06.17 07:13:30.438,1.81682,1.81698,1.37,1.10
2014.06.17 07:13:30.489,1.81682,1.81698,1.27,1.10
2014.06.17 07:13:31.013,1.81681,1.81697,1.19,1.00
2014.06.17 07:13:31.598,1.81677,1.81697,1.29,1.00
2014.06.17 07:13:31.649,1.81677,1.81694,1.29,1.00
2014.06.17 07:13:32.193,1.81677,1.81693,1.29,1.00
2014.06.17 07:13:32.406,1.81677,1.81697,1.77,1.00
2014.06.17 07:13:32.909,1.81677,1.81697,1.29,1.00
2014.06.17 07:13:33.896,1.81677,1.81697,1.29,1.00
2014.06.17 07:13:34.877,1.81676,1.81697,2.67,1.00
2014.06.17 07:13:36.849,1.81676,1.81693,1.37,1.00
2014.06.17 07:13:37.488,1.81676,1.81693,1.84,1.00
2014.06.17 07:13:37.799,1.81688,1.81699,1.19,1.00
2014.06.17 07:13:38.052,1.81694,1.81713,1.37,1.50
2014.06.17 07:13:39.554,1.81696,1.81708,1.29,1.00
2014.06.17 07:13:39.806,1.81696,1.81713,1.29,1.00
2014.06.17 07:13:41.572,1.81697,1.81713,2.44,1.00
2014.06.17 07:13:41.774,1.81715,1.81723,1.10,1.00
2014.06.17 07:13:41.875,1.81702,1.81719,1.84,1.00
2014.06.17 07:13:42.681,1.81701,1.81719,1.64,1.00
2014.06.17 07:13:42.732,1.81702,1.81719,1.39,1.00
2014.06.17 07:13:43.035,1.81715,1.81723,1.39,1.00
2014.06.17 07:13:43.086,1.81715,1.81727,1.39,1.00
2014.06.17 07:13:43.187,1.81715,1.81731,1.39,1.00
2014.06.17 07:13:43.339,1.81712,1.81731,1.29,1.00
2014.06.17 07:13:43.441,1.81712,1.81728,1.29,1.00
2014.06.17 07:13:43.833,1.81709,1.81728,1.29,1.69
2014.06.17 07:13:43.884,1.81707,1.81726,2.67,1.00
2014.06.17 07:13:45.039,1.81707,1.81726,1.84,1.00
2014.06.17 07:13:45.620,1.81722,1.81732,1.10,1.27
2014.06.17 07:13:45.723,1.81723,1.81728,1.10,1.00
2014.06.17 07:13:45.824,1.81723,1.81732,1.10,1.00
2014.06.17 07:13:45.925,1.81721,1.81733,1.10,1.19
2014.06.17 07:13:45.976,1.81712,1.81724,1.29,1.00
2014.06.17 07:13:46.077,1.8171,1.81726,1.25,1.10
2014.06.17 07:13:46.178,1.8171,1.81728,1.25,1.00
2014.06.17 07:13:46.279,1.81708,1.81728,1.19,1.10
2014.06.17 07:13:47.355,1.81707,1.81729,1.19,1.08
2014.06.17 07:13:47.834,1.81707,1.81723,1.19,1.00
2014.06.17 07:13:47.885,1.81707,1.81723,1.19,1.00
2014.06.17 07:13:48.087,1.81707,1.81723,1.25,1.58
2014.06.17 07:13:48.188,1.81707,1.81719,1.00,1.00
2014.06.17 07:13:48.391,1.81707,1.81722,1.00,1.02
2014.06.17 07:13:48.643,1.81706,1.81727,1.19,1.34
2014.06.17 07:13:49.244,1.81706,1.81728,1.69,1.29
2014.06.17 07:13:49.562,1.81706,1.81728,1.19,1.47
2014.06.17 07:13:50.259,1.81706,1.81726,1.19,1.10
2014.06.17 07:13:50.613,1.81704,1.81723,1.19,1.00
2014.06.17 07:13:50.925,1.81702,1.81719,1.77,1.00
2014.06.17 07:13:51.671,1.81702,1.81719,1.19,1.00
2014.06.17 07:13:52.164,1.81702,1.81714,1.19,1.00
2014.06.17 07:13:52.215,1.81697,1.81714,1.34,1.00
2014.06.17 07:13:52.568,1.81697,1.81709,1.19,1.00
2014.06.17 07:13:52.921,1.817,1.81719,1.19,2.40
2014.06.17 07:13:53.434,1.817,1.81719,1.19,1.58
2014.06.17 07:13:54.389,1.817,1.81719,1.19,1.58
2014.06.17 07:13:55.904,1.817,1.81719,1.19,1.50
2014.06.17 07:13:56.310,1.817,1.81718,1.39,1.00
2014.06.17 07:13:57.339,1.81701,1.81718,1.19,1.00
2014.06.17 07:13:57.811,1.81701,1.81718,1.69,1.00
2014.06.17 07:13:57.861,1.81701,1.81722,1.69,1.58
2014.06.17 07:13:58.014,1.81703,1.81722,1.84,1.00
2014.06.17 07:13:58.065,1.81706,1.81724,1.19,1.00
2014.06.17 07:13:58.116,1.81706,1.81721,1.19,1.10
2014.06.17 07:13:58.434,1.81706,1.81719,1.19,1.00
2014.06.17 07:13:59.704,1.81706,1.81718,1.19,1.00
2014.06.17 07:14:00.448,1.81706,1.81718,1.25,1.00
2014.06.17 07:14:01.793,1.81702,1.81718,1.19,1.00
2014.06.17 07:14:05.069,1.81702,1.81718,1.00,1.00
2014.06.17 07:14:05.170,1.81702,1.81718,1.00,1.29
2014.06.17 07:14:05.221,1.81698,1.81718,1.19,1.37
2014.06.17 07:14:05.323,1.81698,1.81713,1.19,1.00
2014.06.17 07:14:05.626,1.81689,1.81708,1.57,1.10
2014.06.17 07:14:05.677,1.81689,1.81708,1.19,1.10
2014.06.17 07:14:06.086,1.81688,1.81703,1.19,1.00
2014.06.17 07:14:06.553,1.81684,1.81705,1.19,1.18
2014.06.17 07:14:07.058,1.81683,1.81702,1.69,1.00
2014.06.17 07:14:07.658,1.81683,1.81702,1.19,1.00
2014.06.17 07:14:08.620,1.81683,1.81698,1.19,1.00
2014.06.17 07:14:10.115,1.81683,1.81698,1.32,1.00
2014.06.17 07:14:11.915,1.81683,1.81702,1.32,1.10
2014.06.17 07:14:12.386,1.81683,1.81702,1.19,1.10
2014.06.17 07:14:14.026,1.81683,1.81702,1.69,1.00
2014.06.17 07:14:14.137,1.81692,1.81707,1.25,1.10
2014.06.17 07:14:14.188,1.81692,1.81709,2.29,1.00
2014.06.17 07:14:14.339,1.81696,1.81713,1.72,1.00
2014.06.17 07:14:14.858,1.81701,1.81714,1.33,1.00
2014.06.17 07:14:15.223,1.81701,1.81714,1.57,1.00
2014.06.17 07:14:17.329,1.81701,1.81714,1.57,1.00
2014.06.17 07:14:18.672,1.81701,1.81709,1.57,1.58
2014.06.17 07:14:18.874,1.81696,1.81714,1.72,1.50
2014.06.17 07:14:19.330,1.81697,1.81713,1.00,1.00
2014.06.17 07:14:19.431,1.81697,1.81708,1.00,1.00
2014.06.17 07:14:19.482,1.81694,1.81708,1.19,1.00
2014.06.17 07:14:19.583,1.81692,1.81708,1.00,1.00
2014.06.17 07:14:19.634,1.81692,1.81704,1.00,1.00
2014.06.17 07:14:20.127,1.8169,1.81699,1.19,1.00
2014.06.17 07:14:20.185,1.8169,1.81703,1.19,1.00
2014.06.17 07:14:21.093,1.81687,1.81704,1.49,1.58
2014.06.17 07:14:21.621,1.81686,1.81703,1.49,1.00
2014.06.17 07:14:23.049,1.81686,1.81703,1.49,1.00
2014.06.17 07:14:23.351,1.81686,1.81703,1.49,1.00
2014.06.17 07:14:23.402,1.81686,1.81697,1.49,1.10
2014.06.17 07:14:23.705,1.81685,1.81698,1.19,1.10
2014.06.17 07:14:23.857,1.81683,1.81698,1.57,1.10
2014.06.17 07:14:24.059,1.81686,1.81698,1.19,1.10
2014.06.17 07:14:24.160,1.81687,1.81702,1.29,1.00
2014.06.17 07:14:24.313,1.81687,1.81708,1.84,1.50
2014.06.17 07:14:24.633,1.81688,1.81708,1.67,1.50
2014.06.17 07:14:25.349,1.81696,1.81708,1.00,1.00
2014.06.17 07:14:25.652,1.81699,1.81713,1.77,1.00
2014.06.17 07:14:25.955,1.81699,1.8171,1.84,1.00
2014.06.17 07:14:26.210,1.81701,1.81718,1.19,1.00
2014.06.17 07:14:26.362,1.817,1.81714,1.29,1.00
2014.06.17 07:14:26.413,1.81697,1.81714,1.47,1.00
2014.06.17 07:14:26.514,1.81697,1.81714,1.25,1.77
2014.06.17 07:14:26.565,1.81697,1.81709,1.25,1.00
2014.06.17 07:14:27.074,1.81692,1.8171,1.74,1.00
2014.06.17 07:14:28.448,1.81691,1.81708,2.82,1.10
2014.06.17 07:14:29.423,1.81691,1.8171,2.82,1.00
2014.06.17 07:14:30.124,1.81692,1.8171,1.19,1.00
2014.06.17 07:14:32.054,1.81691,1.81709,1.32,1.00
2014.06.17 07:14:32.223,1.81691,1.81709,1.32,1.58
2014.06.17 07:14:32.374,1.81688,1.81707,2.07,1.00
2014.06.17 07:14:32.691,1.81686,1.81703,1.57,1.58
2014.06.17 07:14:33.203,1.81684,1.81702,1.39,1.00
2014.06.17 07:14:33.435,1.81683,1.81702,1.57,1.00
2014.06.17 07:14:33.988,1.81683,1.81702,1.67,1.00
2014.06.17 07:14:34.543,1.81683,1.81702,2.52,1.00
2014.06.17 07:14:35.117,1.81685,1.81704,1.34,1.00
2014.06.17 07:14:35.370,1.81686,1.81706,1.84,1.00
2014.06.17 07:14:35.684,1.81695,1.81709,1.19,1.00
2014.06.17 07:14:35.785,1.81695,1.81714,1.27,1.50
2014.06.17 07:14:36.661,1.81696,1.81714,1.67,1.00
2014.06.17 07:14:37.215,1.81695,1.81711,1.27,1.10
2014.06.17 07:14:37.519,1.81695,1.81709,1.27,1.00
2014.06.17 07:14:37.670,1.81693,1.81709,1.72,1.58
2014.06.17 07:14:38.193,1.81693,1.81708,1.72,1.10
2014.06.17 07:14:38.543,1.81697,1.81712,1.19,1.00
2014.06.17 07:14:38.662,1.81697,1.81716,1.19,1.00
2014.06.17 07:14:39.072,1.81697,1.81716,1.32,1.00
2014.06.17 07:14:39.424,1.81696,1.81708,1.29,1.10
2014.06.17 07:14:39.677,1.81692,1.81708,1.72,1.10
2014.06.17 07:14:39.778,1.81692,1.81705,1.72,1.10
2014.06.17 07:14:39.880,1.81692,1.81709,1.77,1.10
2014.06.17 07:14:39.981,1.81694,1.81711,1.72,1.10
2014.06.17 07:14:40.100,1.81694,1.81711,1.84,1.10
2014.06.17 07:14:40.404,1.81692,1.81708,1.37,1.10
2014.06.17 07:14:40.708,1.8169,1.81705,1.29,1.10
2014.06.17 07:14:40.942,1.8169,1.81707,1.34,1.10
2014.06.17 07:14:41.826,1.81689,1.81707,2.14,1.10
2014.06.17 07:14:41.877,1.81689,1.81704,2.52,1.00
2014.06.17 07:14:42.029,1.81689,1.81704,1.29,1.58
2014.06.17 07:14:42.080,1.81689,1.81699,1.29,1.00
2014.06.17 07:14:42.448,1.81685,1.81697,1.27,1.10
2014.06.17 07:14:43.204,1.81683,1.81697,1.02,1.10
2014.06.17 07:14:49.412,1.81683,1.81696,1.02,1.10
2014.06.17 07:14:50.180,1.81687,1.81703,1.57,1.00
2014.06.17 07:14:50.231,1.81689,1.81703,1.44,1.00
2014.06.17 07:14:50.282,1.81689,1.81707,1.82,1.00
2014.06.17 07:14:50.484,1.81692,1.81706,1.34,1.10
2014.06.17 07:14:50.687,1.81692,1.81706,1.15,1.10
2014.06.17 07:14:50.788,1.81687,1.81706,1.67,1.10
2014.06.17 07:14:51.293,1.81688,1.81707,1.47,1.00
2014.06.17 07:14:51.476,1.81688,1.81707,2.22,1.00
2014.06.17 07:14:52.648,1.81689,1.81707,1.27,1.00
2014.06.17 07:14:53.378,1.81688,1.81697,1.37,1.10
2014.06.17 07:14:53.885,1.81682,1.81697,2.22,1.10
2014.06.17 07:14:55.078,1.81685,1.81697,1.47,1.10
2014.06.17 07:14:55.179,1.81687,1.81703,1.27,1.00
2014.06.17 07:14:55.230,1.81687,1.81705,1.27,1.00
2014.06.17 07:14:55.633,1.81686,1.81703,1.37,1.00
2014.06.17 07:14:55.959,1.81686,1.81698,1.37,1.10
2014.06.17 07:14:56.477,1.81686,1.81698,1.37,1.10
2014.06.17 07:14:57.137,1.81687,1.81705,1.27,1.00
2014.06.17 07:14:57.188,1.81687,1.81705,1.77,1.00
2014.06.17 07:14:57.340,1.81688,1.81707,1.34,1.10
2014.06.17 07:14:58.102,1.81688,1.81704,1.34,1.10
2014.06.17 07:14:58.203,1.81688,1.81703,1.34,1.00
2014.06.17 07:14:59.161,1.81688,1.81703,1.72,1.00
2014.06.17 07:14:59.212,1.81689,1.81704,2.04,1.10
2014.06.17 07:14:59.515,1.81693,1.81704,1.34,1.10
2014.06.17 07:14:59.566,1.81693,1.81709,1.39,1.10
2014.06.17 07:14:59.768,1.81693,1.81712,2.14,1.58
2014.06.17 07:15:00.755,1.81693,1.81712,2.82,1.58
2014.06.17 07:15:01.326,1.81695,1.81713,1.47,1.10
2014.06.17 07:15:01.537,1.81695,1.81716,1.77,1.00
2014.06.17 07:15:01.890,1.81698,1.81717,1.34,1.00
2014.06.17 07:15:03.974,1.81698,1.81717,1.34,1.00
2014.06.17 07:15:06.180,1.81698,1.81717,1.34,1.00
2014.06.17 07:15:07.377,1.81698,1.81717,1.29,1.00
2014.06.17 07:15:07.900,1.81698,1.81716,1.29,1.10
2014.06.17 07:15:08.698,1.81696,1.81716,1.34,1.58
2014.06.17 07:15:11.189,1.81695,1.81714,1.84,1.00
2014.06.17 07:15:11.608,1.81695,1.81716,1.84,1.58
2014.06.17 07:15:11.659,1.81695,1.81713,1.84,1.00
2014.06.17 07:15:15.567,1.81696,1.81713,1.34,1.10
2014.06.17 07:15:16.272,1.81696,1.81712,1.34,1.10
2014.06.17 07:15:17.145,1.81695,1.81708,1.34,1.00
2014.06.17 07:15:17.347,1.81695,1.8171,1.19,1.10
2014.06.17 07:15:17.448,1.81693,1.81712,2.22,1.00
2014.06.17 07:15:18.073,1.81695,1.81713,1.34,1.10
2014.06.17 07:15:18.613,1.81695,1.81713,1.34,1.10
2014.06.17 07:15:19.447,1.81695,1.81713,1.34,1.10
2014.06.17 07:15:20.595,1.81697,1.81713,1.39,1.10
2014.06.17 07:15:21.358,1.81698,1.81713,1.19,1.10
2014.06.17 07:15:21.510,1.81698,1.81718,1.19,1.00
2014.06.17 07:15:22.120,1.817,1.81719,1.39,1.00
2014.06.17 07:15:23.468,1.817,1.81719,1.39,1.00
2014.06.17 07:15:24.066,1.817,1.81714,1.39,1.00
2014.06.17 07:15:24.678,1.817,1.81714,1.19,1.00
2014.06.17 07:15:25.617,1.817,1.81719,1.19,1.58
2014.06.17 07:15:26.830,1.817,1.81714,1.19,1.00
2014.06.17 07:15:28.194,1.817,1.81714,1.19,1.00
2014.06.17 07:15:29.208,1.81697,1.81714,1.69,1.00
2014.06.17 07:15:29.898,1.81697,1.81713,1.69,1.00
2014.06.17 07:15:30.100,1.81701,1.81718,1.19,1.00
2014.06.17 07:15:30.201,1.81714,1.81721,1.10,1.15
2014.06.17 07:15:30.354,1.81716,1.81723,1.10,1.00
2014.06.17 07:15:30.455,1.81708,1.81723,1.34,1.58
2014.06.17 07:15:30.556,1.81705,1.81719,1.39,1.00
2014.06.17 07:15:30.658,1.81707,1.81724,1.44,1.50
2014.06.17 07:15:30.759,1.81707,1.81724,1.92,1.50
2014.06.17 07:15:31.315,1.81707,1.81718,1.77,1.00
2014.06.17 07:15:31.366,1.81707,1.81718,1.29,1.00
2014.06.17 07:15:31.886,1.81707,1.81724,1.29,1.50
2014.06.17 07:15:32.193,1.81707,1.81719,1.29,1.00
2014.06.17 07:15:32.749,1.81707,1.81719,1.29,1.00
2014.06.17 07:15:32.851,1.81707,1.81724,1.29,1.50
2014.06.17 07:15:33.359,1.81706,1.81723,1.39,1.00
2014.06.17 07:15:33.410,1.8171,1.81728,1.19,1.10
2014.06.17 07:15:33.713,1.81711,1.81728,1.34,1.00
2014.06.17 07:15:34.364,1.81712,1.81728,1.37,1.10
2014.06.17 07:15:34.617,1.81721,1.81739,1.39,1.00
2014.06.17 07:15:34.718,1.81721,1.81739,1.34,1.00
2014.06.17 07:15:34.819,1.81732,1.81742,1.00,1.00
2014.06.17 07:15:35.174,1.81724,1.81743,1.27,1.58
2014.06.17 07:15:35.729,1.81724,1.81741,1.37,1.10
2014.06.17 07:15:35.780,1.81724,1.81741,1.09,1.10
2014.06.17 07:15:36.326,1.8172,1.8174,1.34,1.10
2014.06.17 07:15:36.834,1.81722,1.8174,1.34,1.10
2014.06.17 07:15:36.885,1.81727,1.8174,1.19,1.10
2014.06.17 07:15:36.935,1.81727,1.81743,1.19,1.00
2014.06.17 07:15:37.037,1.81728,1.81746,1.19,1.10
2014.06.17 07:15:37.289,1.81732,1.81744,1.19,1.00
2014.06.17 07:15:37.999,1.81732,1.81744,1.19,1.00
2014.06.17 07:15:38.505,1.81727,1.81743,1.19,1.58
2014.06.17 07:15:39.344,1.81728,1.81743,1.29,1.00
2014.06.17 07:15:39.671,1.81731,1.81743,1.69,1.00
2014.06.17 07:15:40.204,1.81731,1.81743,1.19,1.00
2014.06.17 07:15:41.073,1.81736,1.81743,1.00,1.00
2014.06.17 07:15:41.441,1.81732,1.81743,1.19,1.00
2014.06.17 07:15:42.139,1.81729,1.81743,1.19,1.00
2014.06.17 07:15:42.240,1.81732,1.81745,1.19,1.00
2014.06.17 07:15:42.442,1.81732,1.81745,1.25,1.00
2014.06.17 07:15:43.433,1.81732,1.81745,1.19,1.00
2014.06.17 07:15:45.855,1.81726,1.81745,1.84,1.00
2014.06.17 07:15:47.074,1.81731,1.81745,1.25,1.00
2014.06.17 07:15:47.175,1.81726,1.81745,1.69,1.00
2014.06.17 07:15:47.226,1.81726,1.8174,1.69,1.10
2014.06.17 07:15:47.993,1.81726,1.81739,1.27,1.10
2014.06.17 07:15:48.519,1.81727,1.8174,1.29,1.10
2014.06.17 07:15:49.204,1.81727,1.8174,1.29,1.10
2014.06.17 07:15:50.185,1.81727,1.8174,1.19,1.10
2014.06.17 07:15:50.654,1.81727,1.81743,1.19,1.00
2014.06.17 07:15:51.410,1.81727,1.81743,1.19,1.00
2014.06.17 07:15:52.714,1.81723,1.81741,1.34,1.10
2014.06.17 07:15:53.024,1.81723,1.81739,1.34,1.00
2014.06.17 07:15:53.389,1.81721,1.81739,2.14,1.00
2014.06.17 07:15:54.528,1.81722,1.81735,1.20,1.00
2014.06.17 07:15:54.629,1.81715,1.81733,2.14,1.00
2014.06.17 07:15:54.932,1.81711,1.81726,1.39,1.10
2014.06.17 07:15:55.134,1.81711,1.81729,1.19,1.65
2014.06.17 07:15:55.185,1.81717,1.81729,1.00,1.65
2014.06.17 07:15:55.505,1.81717,1.81725,1.00,1.00
