2011.12.21 03:00:15.299,1.54855,1.54909,2.25,1.88
2011.12.21 03:00:17.184,1.54868,1.54918,1.50,1.50
2011.12.21 03:00:17.343,1.54868,1.54914,1.50,1.13
2011.12.21 03:00:18.145,1.54868,1.54914,2.25,1.13
2011.12.21 03:00:18.454,1.54869,1.54912,2.55,2.25
2011.12.21 03:00:18.884,1.54869,1.54912,2.55,2.25
2011.12.21 03:00:19.192,1.54869,1.54912,1.43,2.63
2011.12.21 03:00:19.261,1.54869,1.54912,2.18,1.88
2011.12.21 03:00:19.762,1.54869,1.54913,1.43,1.13
2011.12.21 03:00:22.010,1.54868,1.54913,1.50,1.13
2011.12.21 03:00:33.561,1.54864,1.54915,2.18,2.25
2011.12.21 03:00:34.133,1.54864,1.54915,2.18,2.25
2011.12.21 03:00:34.789,1.54863,1.54913,1.50,1.13
2011.12.21 03:00:41.372,1.54863,1.54915,3.08,2.25
2011.12.21 03:00:41.442,1.54866,1.54915,2.18,2.25
2011.12.21 03:00:41.681,1.54863,1.54915,2.93,2.25
2011.12.21 03:00:42.385,1.54863,1.54915,3.08,2.25
2011.12.21 03:00:42.455,1.54863,1.54915,2.63,2.25
2011.12.21 03:00:42.712,1.54863,1.54915,2.63,2.25
2011.12.21 03:00:42.784,1.54857,1.54904,2.25,1.13
2011.12.21 03:00:43.472,1.54857,1.54908,2.25,1.50
2011.12.21 03:00:43.661,1.54857,1.54903,2.25,1.13
2011.12.21 03:00:43.981,1.54857,1.54904,2.25,1.13
2011.12.21 03:00:44.533,1.54859,1.54909,1.50,1.88
2011.12.21 03:00:44.731,1.54859,1.54907,1.50,1.13
2011.12.21 03:00:45.042,1.54857,1.54907,3.00,1.13
2011.12.21 03:00:45.611,1.54857,1.54907,3.00,1.13
2011.12.21 03:00:45.947,1.54858,1.54907,1.50,1.13
2011.12.21 03:00:46.250,1.54857,1.54908,2.25,1.13
2011.12.21 03:00:46.652,1.54857,1.54908,2.25,1.13
2011.12.21 03:00:50.002,1.54857,1.54906,1.50,1.13
2011.12.21 03:00:50.563,1.54855,1.54903,2.18,1.13
2011.12.21 03:00:51.192,1.54852,1.54904,2.25,2.63
2011.12.21 03:00:52.750,1.54855,1.54904,1.50,2.25
2011.12.21 03:00:53.112,1.54855,1.54904,1.50,2.25
2011.12.21 03:00:54.692,1.54852,1.54903,2.25,1.13
2011.12.21 03:01:02.730,1.54856,1.54904,1.13,2.63
2011.12.21 03:01:03.155,1.54866,1.54911,2.18,2.63
2011.12.21 03:01:07.212,1.54866,1.54911,1.43,1.13
2011.12.21 03:01:07.400,1.5486,1.5491,1.05,2.25
2011.12.21 03:01:08.082,1.54861,1.5491,1.05,2.25
2011.12.21 03:01:09.076,1.54867,1.54915,1.09,2.18
2011.12.21 03:01:09.373,1.54873,1.54918,2.93,1.13
2011.12.21 03:01:11.403,1.54873,1.54919,3.68,1.13
2011.12.21 03:01:12.072,1.54873,1.54919,3.68,1.13
2011.12.21 03:01:12.654,1.54873,1.54919,3.68,1.13
2011.12.21 03:01:13.465,1.54874,1.54924,1.50,1.13
2011.12.21 03:01:13.773,1.54874,1.54925,1.50,2.25
2011.12.21 03:01:17.931,1.54874,1.54925,1.50,2.40
2011.12.21 03:01:22.711,1.54873,1.54924,3.00,1.13
2011.12.21 03:01:30.173,1.54874,1.54925,1.50,2.33
2011.12.21 03:01:31.216,1.54873,1.54925,3.00,2.33
2011.12.21 03:01:39.451,1.54874,1.54925,1.50,1.58
2011.12.21 03:01:40.012,1.54878,1.54929,2.93,2.17
2011.12.21 03:01:40.531,1.54879,1.54927,1.50,2.25
2011.12.21 03:01:41.362,1.54879,1.54929,1.50,2.22
2011.12.21 03:01:42.572,1.54879,1.54929,1.50,1.09
2011.12.21 03:01:43.364,1.54879,1.54929,1.50,1.09
2011.12.21 03:01:44.132,1.54879,1.54929,1.50,1.09
2011.12.21 03:01:44.514,1.54879,1.54929,1.50,1.09
2011.12.21 03:01:50.721,1.54879,1.54929,1.50,1.47
2011.12.21 03:01:51.031,1.54874,1.54924,1.50,1.50
2011.12.21 03:01:52.722,1.54878,1.54924,2.18,1.50
2011.12.21 03:01:55.693,1.54878,1.54924,2.18,1.50
2011.12.21 03:02:02.514,1.54878,1.54928,2.18,1.13
2011.12.21 03:02:05.052,1.54878,1.54928,2.18,1.13
2011.12.21 03:02:05.631,1.54878,1.54928,2.18,1.13
2011.12.21 03:02:05.754,1.54878,1.54926,2.18,1.13
2011.12.21 03:02:15.432,1.54878,1.54927,1.43,1.13
2011.12.21 03:02:15.670,1.54878,1.54927,2.18,1.13
2011.12.21 03:02:29.206,1.54881,1.54926,1.50,1.13
2011.12.21 03:02:29.451,1.54894,1.54944,1.50,1.05
2011.12.21 03:02:29.701,1.54893,1.54944,2.18,1.05
2011.12.21 03:02:30.011,1.54893,1.54939,1.50,1.13
2011.12.21 03:02:30.322,1.54884,1.54932,2.25,1.05
2011.12.21 03:02:30.751,1.54885,1.54936,1.09,2.25
2011.12.21 03:02:31.126,1.54893,1.54939,2.18,1.50
2011.12.21 03:02:31.197,1.5489,1.54934,2.25,1.13
2011.12.21 03:02:31.383,1.5489,1.54939,2.25,1.50
2011.12.21 03:02:33.401,1.54894,1.54942,1.50,1.20
2011.12.21 03:02:33.741,1.54885,1.54936,1.13,2.25
2011.12.21 03:02:33.811,1.54884,1.54936,2.25,3.00
2011.12.21 03:02:35.221,1.54883,1.5493,1.13,2.25
2011.12.21 03:02:38.840,1.54883,1.54929,1.13,1.13
2011.12.21 03:02:39.416,1.54883,1.54929,1.13,1.13
2011.12.21 03:02:39.746,1.54877,1.54924,1.43,1.13
2011.12.21 03:02:39.813,1.54871,1.54923,1.50,2.25
2011.12.21 03:02:40.175,1.54867,1.54918,1.13,2.25
2011.12.21 03:02:40.243,1.54866,1.54911,3.00,1.13
2011.12.21 03:02:40.315,1.5486,1.54909,2.25,1.13
2011.12.21 03:02:40.889,1.5486,1.54912,2.25,2.55
2011.12.21 03:02:41.215,1.5486,1.54909,2.25,1.13
2011.12.21 03:02:43.944,1.5486,1.54912,2.25,2.18
2011.12.21 03:02:44.501,1.54861,1.54912,1.50,2.10
2011.12.21 03:02:58.304,1.5486,1.54912,3.00,2.10
2011.12.21 03:02:58.831,1.54864,1.54913,2.25,1.80
2011.12.21 03:02:59.468,1.54865,1.54913,1.50,1.73
2011.12.21 03:03:01.728,1.54865,1.54918,1.50,3.23
2011.12.21 03:03:02.071,1.54865,1.54918,1.50,2.18
2011.12.21 03:03:02.202,1.54865,1.54918,1.50,1.88
2011.12.21 03:03:06.825,1.54865,1.54918,1.50,1.50
2011.12.21 03:03:09.531,1.54865,1.54918,1.50,1.50
2011.12.21 03:03:09.922,1.54865,1.54918,1.50,1.50
2011.12.21 03:03:10.608,1.54866,1.54918,1.50,1.88
2011.12.21 03:03:11.373,1.54866,1.54918,1.50,2.63
2011.12.21 03:03:11.443,1.54866,1.54911,1.50,1.13
2011.12.21 03:03:11.752,1.54856,1.54908,1.50,2.63
2011.12.21 03:03:12.511,1.54856,1.54908,1.50,3.00
2011.12.21 03:03:12.772,1.54855,1.54904,1.50,1.50
2011.12.21 03:03:16.136,1.54855,1.54908,1.50,2.63
2011.12.21 03:03:17.893,1.54855,1.54903,1.50,1.13
2011.12.21 03:03:18.462,1.54857,1.54908,1.13,1.88
2011.12.21 03:03:18.712,1.54857,1.54908,2.55,2.25
2011.12.21 03:03:19.766,1.5486,1.54908,1.50,2.25
2011.12.21 03:03:20.094,1.5486,1.54908,1.50,2.25
2011.12.21 03:03:21.006,1.54857,1.54906,1.50,1.13
2011.12.21 03:03:21.133,1.54851,1.54902,1.50,2.25
2011.12.21 03:03:21.364,1.54851,1.54902,1.50,1.50
2011.12.21 03:03:22.062,1.54855,1.54904,2.25,1.13
2011.12.21 03:03:31.932,1.54855,1.54904,2.25,1.13
2011.12.21 03:03:36.992,1.54855,1.54903,1.50,1.13
2011.12.21 03:03:39.933,1.54855,1.54904,2.25,1.13
2011.12.21 03:03:40.153,1.54855,1.54904,1.50,1.13
2011.12.21 03:03:40.377,1.54855,1.54904,2.25,1.13
2011.12.21 03:03:40.622,1.54855,1.54903,1.50,1.13
2011.12.21 03:03:40.693,1.54855,1.54903,2.25,1.13
2011.12.21 03:03:40.925,1.54855,1.54903,1.50,1.13
2011.12.21 03:03:44.471,1.54853,1.549,1.43,2.25
2011.12.21 03:03:46.871,1.54848,1.549,3.00,2.63
2011.12.21 03:03:52.402,1.54848,1.549,1.50,2.25
2011.12.21 03:03:52.734,1.54848,1.549,3.00,2.63
2011.12.21 03:03:53.694,1.54848,1.54896,2.25,1.13
2011.12.21 03:03:53.885,1.54848,1.54894,2.25,1.13
2011.12.21 03:03:53.957,1.54843,1.54893,1.50,1.13
2011.12.21 03:03:54.031,1.54837,1.54891,3.38,2.25
2011.12.21 03:03:54.505,1.54841,1.54891,1.50,1.50
2011.12.21 03:03:54.943,1.54837,1.54891,3.38,2.25
2011.12.21 03:03:55.306,1.54834,1.54884,2.18,1.88
2011.12.21 03:03:55.617,1.54834,1.54879,2.18,1.50
2011.12.21 03:03:56.762,1.5485,1.54879,1.43,1.50
2011.12.21 03:03:56.840,1.5485,1.54891,2.18,2.25
2011.12.21 03:03:56.905,1.5485,1.54883,2.18,1.50
2011.12.21 03:03:56.972,1.54829,1.54883,3.00,1.88
2011.12.21 03:03:57.404,1.54846,1.54889,1.50,1.50
2011.12.21 03:03:58.272,1.54842,1.54889,1.13,1.50
2011.12.21 03:03:59.747,1.54845,1.54889,1.50,1.50
2011.12.21 03:04:00.053,1.54848,1.54894,2.25,1.13
2011.12.21 03:04:00.732,1.54848,1.54894,1.50,1.13
2011.12.21 03:04:00.806,1.54841,1.54893,2.25,2.25
2011.12.21 03:04:02.242,1.54847,1.54893,1.50,2.25
2011.12.21 03:04:04.249,1.54848,1.549,1.50,2.25
2011.12.21 03:04:04.603,1.54862,1.549,2.93,1.50
2011.12.21 03:04:05.133,1.54859,1.54908,1.13,2.25
2011.12.21 03:04:05.680,1.54859,1.54908,1.13,2.25
2011.12.21 03:04:08.560,1.54859,1.54908,1.13,2.25
2011.12.21 03:04:12.630,1.54859,1.54903,1.13,1.13
2011.12.21 03:04:13.425,1.54859,1.54903,1.13,1.13
2011.12.21 03:04:18.081,1.54859,1.54903,1.13,1.13
2011.12.21 03:04:20.160,1.54859,1.54899,1.13,1.13
2011.12.21 03:04:23.370,1.54859,1.54903,1.13,1.13
2011.12.21 03:04:23.912,1.54859,1.54903,1.13,1.13
2011.12.21 03:04:24.908,1.54854,1.54903,2.25,1.50
2011.12.21 03:04:25.032,1.54853,1.54897,1.43,1.13
2011.12.21 03:04:25.575,1.54849,1.54897,2.25,1.13
2011.12.21 03:04:30.884,1.54841,1.54893,2.25,1.13
2011.12.21 03:04:30.953,1.5484,1.54887,1.50,1.50
2011.12.21 03:04:31.022,1.5484,1.54887,1.50,1.50
2011.12.21 03:04:31.155,1.54833,1.54887,3.00,3.30
2011.12.21 03:04:31.599,1.54838,1.54891,3.68,1.05
2011.12.21 03:04:31.713,1.54838,1.54889,3.68,1.50
2011.12.21 03:04:33.771,1.54838,1.54892,3.68,2.55
2011.12.21 03:04:35.232,1.54838,1.54889,3.68,1.50
2011.12.21 03:04:36.175,1.54838,1.54892,3.68,2.55
2011.12.21 03:04:36.565,1.54838,1.54889,3.68,1.50
2011.12.21 03:04:37.702,1.54845,1.54892,2.25,1.05
2011.12.21 03:04:38.499,1.54845,1.54894,2.25,1.88
2011.12.21 03:04:38.913,1.54845,1.54894,2.25,1.13
2011.12.21 03:04:39.453,1.54851,1.549,2.25,1.13
2011.12.21 03:04:40.473,1.54851,1.54904,2.25,1.88
2011.12.21 03:04:41.003,1.54856,1.54909,2.25,1.50
2011.12.21 03:04:41.193,1.54856,1.54909,3.00,1.50
2011.12.21 03:04:41.276,1.54856,1.54904,3.00,1.13
2011.12.21 03:04:41.505,1.54856,1.54909,3.00,1.50
2011.12.21 03:04:42.291,1.54856,1.54909,3.00,1.13
2011.12.21 03:04:42.512,1.54856,1.54909,3.00,1.50
2011.12.21 03:04:43.821,1.54856,1.54909,2.25,1.50
2011.12.21 03:04:44.292,1.54856,1.54904,2.25,1.13
2011.12.21 03:04:45.172,1.54856,1.54904,2.25,1.13
2011.12.21 03:04:46.158,1.5485,1.54904,4.43,3.00
2011.12.21 03:04:46.282,1.5485,1.54898,2.93,1.88
2011.12.21 03:04:46.354,1.5485,1.54898,2.93,1.88
2011.12.21 03:04:46.799,1.54865,1.54898,2.18,1.50
2011.12.21 03:04:46.981,1.54865,1.54909,2.18,2.63
2011.12.21 03:04:47.054,1.54865,1.54909,2.18,1.50
2011.12.21 03:04:47.124,1.54865,1.54914,2.18,1.50
2011.12.21 03:04:47.800,1.54865,1.54914,2.18,1.50
2011.12.21 03:04:48.805,1.54865,1.54911,2.18,1.13
2011.12.21 03:04:48.873,1.54865,1.54913,2.18,1.13
2011.12.21 03:04:49.485,1.5487,1.54915,1.13,1.88
2011.12.21 03:04:49.548,1.54876,1.54923,1.50,1.50
2011.12.21 03:04:49.737,1.54867,1.54919,2.25,2.25
2011.12.21 03:04:50.105,1.54867,1.54919,2.25,2.25
2011.12.21 03:04:50.235,1.54867,1.54919,2.40,2.25
2011.12.21 03:04:50.423,1.5487,1.54919,2.18,2.25
2011.12.21 03:04:50.809,1.54874,1.54926,2.25,3.00
2011.12.21 03:04:52.684,1.54874,1.54926,2.25,3.00
2011.12.21 03:05:00.725,1.54874,1.54926,2.25,3.00
2011.12.21 03:05:03.696,1.54874,1.54926,2.25,3.00
2011.12.21 03:05:04.339,1.54874,1.54926,2.25,3.00
2011.12.21 03:05:07.065,1.5487,1.5492,2.18,1.50
2011.12.21 03:05:11.596,1.54877,1.54929,2.25,1.13
2011.12.21 03:05:12.943,1.54871,1.54925,2.40,1.50
2011.12.21 03:05:13.327,1.54879,1.54929,2.18,1.13
2011.12.21 03:05:18.922,1.54879,1.54929,2.18,1.13
2011.12.21 03:05:20.080,1.54879,1.54929,2.18,1.13
2011.12.21 03:05:39.754,1.54885,1.5493,2.33,1.50
2011.12.21 03:05:40.062,1.54873,1.54925,2.25,1.50
2011.12.21 03:05:40.192,1.54873,1.54925,2.25,2.25
2011.12.21 03:05:43.183,1.54881,1.54925,1.47,2.25
2011.12.21 03:05:43.493,1.54895,1.54929,1.43,1.13
2011.12.21 03:05:43.682,1.54882,1.5493,1.50,2.63
2011.12.21 03:05:44.446,1.54881,1.5493,2.18,2.25
2011.12.21 03:05:44.691,1.54881,1.5493,1.50,2.63
2011.12.21 03:05:45.138,1.54876,1.54928,2.25,1.13
2011.12.21 03:05:45.444,1.54879,1.5493,1.05,2.25
2011.12.21 03:05:45.631,1.54883,1.54932,1.05,2.18
2011.12.21 03:05:45.702,1.54885,1.5493,2.18,1.13
2011.12.21 03:05:45.775,1.54878,1.54919,1.05,1.50
2011.12.21 03:05:45.842,1.54877,1.54919,2.63,1.50
2011.12.21 03:05:45.973,1.54877,1.54915,1.13,1.84
2011.12.21 03:05:46.048,1.54863,1.54914,2.25,1.13
2011.12.21 03:05:54.011,1.54871,1.54922,2.18,2.25
2011.12.21 03:05:54.991,1.54868,1.54922,2.63,2.40
2011.12.21 03:05:55.181,1.54868,1.54916,1.13,1.50
2011.12.21 03:05:55.494,1.54869,1.54913,2.25,1.50
2011.12.21 03:05:55.872,1.54869,1.54918,2.25,1.13
2011.12.21 03:05:56.001,1.54871,1.54921,1.50,3.68
2011.12.21 03:06:00.010,1.54871,1.54919,2.18,1.13
2011.12.21 03:06:01.214,1.54885,1.54921,2.25,1.80
2011.12.21 03:06:01.341,1.54871,1.54921,1.05,1.43
2011.12.21 03:06:01.412,1.54871,1.54924,1.05,1.50
2011.12.21 03:06:01.481,1.5487,1.54924,2.55,2.25
2011.12.21 03:06:01.610,1.54888,1.54925,1.50,1.13
2011.12.21 03:06:01.680,1.54888,1.54928,1.50,1.50
2011.12.21 03:06:04.202,1.54888,1.54934,2.25,1.13
2011.12.21 03:06:04.391,1.54883,1.54934,2.25,1.13
2011.12.21 03:06:05.511,1.54883,1.54934,2.25,1.13
2011.12.21 03:06:05.741,1.54883,1.54933,2.25,1.13
2011.12.21 03:06:06.973,1.54883,1.54932,1.50,1.13
2011.12.21 03:06:07.461,1.54883,1.54928,2.25,1.13
2011.12.21 03:06:08.711,1.54878,1.54928,1.50,1.13
2011.12.21 03:06:09.253,1.54878,1.54928,1.50,1.13
2011.12.21 03:06:09.453,1.54878,1.54927,1.50,1.13
2011.12.21 03:06:09.524,1.54872,1.54924,2.78,2.25
2011.12.21 03:06:09.649,1.54872,1.54924,2.63,1.50
2011.12.21 03:06:09.902,1.54872,1.54922,1.50,1.13
2011.12.21 03:06:12.970,1.54872,1.54917,1.50,1.13
2011.12.21 03:06:13.281,1.54872,1.5491,1.50,1.13
2011.12.21 03:06:13.543,1.54865,1.54909,1.50,1.13
2011.12.21 03:06:13.973,1.54865,1.54909,1.50,1.13
2011.12.21 03:06:14.910,1.5486,1.5491,1.50,1.13
2011.12.21 03:06:14.982,1.5486,1.54908,1.50,1.13
2011.12.21 03:06:15.172,1.5486,1.54908,1.50,1.50
2011.12.21 03:06:15.246,1.5485,1.54903,1.50,1.13
2011.12.21 03:06:15.432,1.5485,1.54903,1.50,1.13
2011.12.21 03:06:15.977,1.54868,1.54903,1.50,1.13
2011.12.21 03:06:16.222,1.54864,1.54914,2.18,2.25
2011.12.21 03:06:16.410,1.54861,1.5491,1.13,2.25
2011.12.21 03:06:17.068,1.54861,1.5491,1.13,2.25
2011.12.21 03:06:17.491,1.54856,1.54908,2.25,1.13
2011.12.21 03:06:17.561,1.54856,1.54908,1.50,1.50
2011.12.21 03:06:17.693,1.54851,1.54903,2.25,1.88
2011.12.21 03:06:17.942,1.54851,1.54903,1.50,4.05
2011.12.21 03:06:18.273,1.54851,1.54903,2.25,4.05
2011.12.21 03:06:18.401,1.54852,1.54903,1.13,2.63
2011.12.21 03:06:18.713,1.54854,1.54899,2.18,1.13
2011.12.21 03:06:18.782,1.54851,1.54899,1.50,1.50
2011.12.21 03:06:21.699,1.54851,1.54903,2.25,1.13
2011.12.21 03:06:23.635,1.54851,1.54904,2.63,1.13
2011.12.21 03:06:23.840,1.54856,1.54905,2.25,1.13
2011.12.21 03:06:28.205,1.54856,1.54909,2.25,1.13
2011.12.21 03:06:28.403,1.54857,1.54909,1.50,1.13
2011.12.21 03:06:31.657,1.54856,1.5491,3.00,1.88
2011.12.21 03:06:32.171,1.54862,1.54914,1.50,3.00
2011.12.21 03:06:38.266,1.54862,1.54914,1.50,3.00
2011.12.21 03:06:44.916,1.54862,1.5491,1.50,1.13
2011.12.21 03:06:45.224,1.54847,1.54893,1.13,1.80
2011.12.21 03:06:45.353,1.5485,1.54901,1.50,1.88
2011.12.21 03:06:45.425,1.5485,1.54901,1.50,1.50
2011.12.21 03:06:45.733,1.54847,1.54901,3.38,2.25
2011.12.21 03:06:46.248,1.54847,1.54901,3.38,2.25
2011.12.21 03:06:46.504,1.54847,1.54901,2.63,1.50
2011.12.21 03:06:47.051,1.54849,1.54901,1.50,1.50
2011.12.21 03:06:47.562,1.54849,1.54901,1.50,1.50
2011.12.21 03:06:47.691,1.54847,1.54901,2.63,1.50
2011.12.21 03:06:47.932,1.54847,1.54901,2.63,2.25
2011.12.21 03:06:48.773,1.54847,1.54901,2.63,1.50
2011.12.21 03:06:48.872,1.54849,1.54901,1.50,1.50
2011.12.21 03:06:49.223,1.54847,1.54901,2.63,2.25
2011.12.21 03:06:49.981,1.5485,1.54901,1.50,1.50
2011.12.21 03:06:50.171,1.54847,1.54901,3.38,1.50
2011.12.21 03:06:53.382,1.54849,1.54901,1.50,1.50
2011.12.21 03:06:54.374,1.54849,1.54901,1.50,1.50
2011.12.21 03:06:54.502,1.54857,1.54909,2.25,1.13
2011.12.21 03:06:54.750,1.54857,1.54911,2.25,1.88
2011.12.21 03:06:58.551,1.54857,1.5491,1.50,1.13
2011.12.21 03:07:00.505,1.54857,1.5491,1.50,1.13
2011.12.21 03:07:00.579,1.54853,1.54905,1.50,2.25
2011.12.21 03:07:00.646,1.54861,1.54908,1.50,1.50
2011.12.21 03:07:00.833,1.54862,1.54913,1.13,1.88
2011.12.21 03:07:01.326,1.54862,1.54913,1.13,2.25
2011.12.21 03:07:01.634,1.54866,1.54908,1.50,1.13
2011.12.21 03:07:02.188,1.54866,1.54913,1.50,1.50
2011.12.21 03:07:03.032,1.54866,1.54914,2.25,1.13
2011.12.21 03:07:03.283,1.54871,1.54918,2.25,1.13
2011.12.21 03:07:03.474,1.54877,1.54925,1.13,1.88
2011.12.21 03:07:03.546,1.54878,1.54925,1.13,1.50
2011.12.21 03:07:03.613,1.54878,1.5493,1.13,2.25
2011.12.21 03:07:04.451,1.54883,1.54935,1.50,2.63
2011.12.21 03:07:05.992,1.54883,1.5493,1.50,1.13
2011.12.21 03:07:06.122,1.54876,1.54928,1.50,1.88
2011.12.21 03:07:06.196,1.54871,1.54916,2.25,1.13
2011.12.21 03:07:06.381,1.54871,1.54913,1.50,1.13
2011.12.21 03:07:06.454,1.54866,1.54914,2.25,1.13
2011.12.21 03:07:06.702,1.54866,1.54914,1.50,1.13
2011.12.21 03:07:06.896,1.54861,1.54913,3.00,1.88
2011.12.21 03:07:06.963,1.54858,1.54908,1.13,1.50
2011.12.21 03:07:07.544,1.54856,1.54901,1.50,1.13
2011.12.21 03:07:07.865,1.54874,1.54923,1.50,1.50
2011.12.21 03:07:07.935,1.54881,1.54928,1.13,2.55
2011.12.21 03:07:08.183,1.54882,1.54934,1.88,3.00
2011.12.21 03:07:08.311,1.54885,1.54934,1.50,1.88
2011.12.21 03:07:08.384,1.54885,1.54934,1.50,1.50
2011.12.21 03:07:08.454,1.54885,1.54934,1.50,2.25
2011.12.21 03:07:08.584,1.54876,1.54923,2.25,1.13
2011.12.21 03:07:08.716,1.54876,1.54928,2.25,3.00
2011.12.21 03:07:09.313,1.54876,1.54928,2.25,2.25
2011.12.21 03:07:09.383,1.54881,1.54934,2.25,1.05
2011.12.21 03:07:09.512,1.5488,1.54929,2.18,1.50
2011.12.21 03:07:09.582,1.54881,1.54935,2.25,1.80
2011.12.21 03:07:09.713,1.54881,1.54935,2.25,2.25
2011.12.21 03:07:10.164,1.54881,1.54935,1.50,3.68
2011.12.21 03:07:10.416,1.54881,1.54935,1.50,3.68
2011.12.21 03:07:10.744,1.54881,1.54935,2.25,1.50
2011.12.21 03:07:16.731,1.5489,1.54942,2.25,1.50
2011.12.21 03:07:16.922,1.5489,1.54942,2.25,1.50
2011.12.21 03:07:17.051,1.54885,1.54938,2.18,1.50
2011.12.21 03:07:17.483,1.54884,1.54938,3.00,1.50
2011.12.21 03:07:17.552,1.5489,1.54942,2.25,1.50
2011.12.21 03:07:18.102,1.54891,1.54942,1.50,1.50
2011.12.21 03:07:18.465,1.5489,1.54942,1.50,2.25
2011.12.21 03:07:19.173,1.54885,1.54937,3.68,1.50
2011.12.21 03:07:19.241,1.54885,1.54937,3.68,2.25
2011.12.21 03:07:19.552,1.5488,1.54932,2.25,2.25
2011.12.21 03:07:21.363,1.54885,1.54933,1.50,1.13
2011.12.21 03:07:21.553,1.54904,1.54948,2.93,1.13
2011.12.21 03:07:21.682,1.54901,1.54947,2.18,2.25
2011.12.21 03:07:21.752,1.54901,1.54947,1.43,2.25
2011.12.21 03:07:21.943,1.54895,1.54943,1.50,2.25
2011.12.21 03:07:22.547,1.54895,1.54943,1.50,1.50
2011.12.21 03:07:22.919,1.54894,1.54943,2.93,2.25
2011.12.21 03:07:23.722,1.54894,1.54943,2.18,2.25
2011.12.21 03:07:24.244,1.54894,1.54943,2.18,2.25
2011.12.21 03:07:24.373,1.54891,1.54943,1.50,2.25
2011.12.21 03:07:25.032,1.54891,1.54942,1.50,1.13
2011.12.21 03:07:25.120,1.5488,1.5493,2.18,2.25
2011.12.21 03:07:25.185,1.5488,1.5493,2.18,2.25
2011.12.21 03:07:25.634,1.54878,1.54926,2.25,1.13
2011.12.21 03:07:25.876,1.54878,1.54926,2.25,1.13
2011.12.21 03:07:27.100,1.54878,1.54926,2.25,1.13
2011.12.21 03:07:27.525,1.54882,1.54926,2.18,1.13
2011.12.21 03:07:28.651,1.54878,1.54927,2.63,1.13
2011.12.21 03:07:29.201,1.54878,1.54927,2.63,1.13
2011.12.21 03:07:30.101,1.54878,1.54927,1.50,1.13
2011.12.21 03:07:30.493,1.54878,1.54927,1.50,1.13
2011.12.21 03:07:32.586,1.54878,1.54926,1.50,1.50
2011.12.21 03:07:33.442,1.54878,1.54926,1.50,1.50
2011.12.21 03:07:33.787,1.54878,1.54926,1.50,1.50
2011.12.21 03:07:34.393,1.54878,1.54911,1.50,1.13
2011.12.21 03:07:34.562,1.54863,1.54904,1.50,1.13
2011.12.21 03:07:34.637,1.54857,1.54904,1.50,1.13
2011.12.21 03:07:37.154,1.54857,1.54903,2.63,1.13
2011.12.21 03:07:37.222,1.54864,1.54903,1.50,1.13
2011.12.21 03:07:37.532,1.54858,1.54909,2.25,2.18
2011.12.21 03:07:39.214,1.54864,1.54909,1.50,2.18
2011.12.21 03:07:39.523,1.54858,1.54911,2.25,2.18
2011.12.21 03:07:42.512,1.54858,1.54908,1.50,1.13
2011.12.21 03:07:48.374,1.54853,1.54904,2.18,2.25
2011.12.21 03:07:51.174,1.54853,1.54904,2.18,2.25
2011.12.21 03:07:52.398,1.54853,1.54904,2.18,2.25
2011.12.21 03:08:01.966,1.54853,1.54904,2.18,2.25
2011.12.21 03:08:03.837,1.54853,1.54904,2.18,2.25
2011.12.21 03:08:04.503,1.54853,1.54904,2.18,2.25
2011.12.21 03:08:04.699,1.54853,1.54901,2.18,1.13
2011.12.21 03:08:04.884,1.54853,1.54893,1.43,2.25
2011.12.21 03:08:04.952,1.54844,1.54893,1.13,2.25
2011.12.21 03:08:05.214,1.54844,1.54893,1.13,2.25
2011.12.21 03:08:06.865,1.54843,1.54893,1.13,2.25
2011.12.21 03:08:11.950,1.54843,1.54893,1.13,2.25
2011.12.21 03:08:12.081,1.54841,1.54889,1.50,1.13
2011.12.21 03:08:12.233,1.54834,1.54888,2.25,1.88
2011.12.21 03:08:13.121,1.54834,1.54888,2.25,1.50
2011.12.21 03:08:24.890,1.54835,1.54888,1.50,1.50
2011.12.21 03:08:25.133,1.5485,1.54897,1.50,1.50
2011.12.21 03:08:25.443,1.54848,1.54897,2.18,1.50
2011.12.21 03:08:26.111,1.54846,1.54891,1.50,2.25
2011.12.21 03:08:51.342,1.54843,1.54891,2.18,2.25
2011.12.21 03:08:51.961,1.54843,1.54891,2.18,2.25
2011.12.21 03:08:53.106,1.54843,1.54891,2.18,2.25
2011.12.21 03:08:54.912,1.54846,1.54891,1.50,2.25
2011.12.21 03:09:09.873,1.54845,1.54891,1.50,1.50
2011.12.21 03:09:13.720,1.54845,1.54886,1.50,1.50
2011.12.21 03:09:13.963,1.54837,1.54886,1.50,2.25
2011.12.21 03:09:17.251,1.54843,1.54886,2.18,1.50
2011.12.21 03:09:17.634,1.54846,1.54892,1.50,1.50
2011.12.21 03:09:17.703,1.54846,1.54892,1.50,1.50
2011.12.21 03:09:18.054,1.54845,1.54896,1.50,1.50
2011.12.21 03:09:20.021,1.54844,1.54896,2.25,2.25
2011.12.21 03:09:27.692,1.54845,1.54896,1.50,1.50
2011.12.21 03:09:27.920,1.54844,1.54896,2.25,2.25
2011.12.21 03:09:28.903,1.54846,1.54896,1.50,1.50
2011.12.21 03:09:30.020,1.54849,1.54899,1.50,1.13
2011.12.21 03:09:43.339,1.54849,1.54901,2.25,2.63
2011.12.21 03:09:44.671,1.54849,1.54901,2.63,2.25
2011.12.21 03:09:44.802,1.54849,1.54901,2.63,2.25
2011.12.21 03:09:45.212,1.54849,1.54901,2.63,2.25
2011.12.21 03:09:47.203,1.54849,1.54901,2.63,2.25
2011.12.21 03:09:47.277,1.54852,1.54901,1.50,1.50
2011.12.21 03:09:47.405,1.54849,1.54901,2.63,2.25
2011.12.21 03:09:47.733,1.54853,1.54901,1.50,1.50
2011.12.21 03:09:49.954,1.54852,1.54901,1.50,1.50
2011.12.21 03:09:51.264,1.54852,1.54901,1.50,1.50
2011.12.21 03:09:52.242,1.54852,1.54901,1.50,1.50
2011.12.21 03:09:55.612,1.54849,1.54901,2.63,2.25
2011.12.21 03:09:58.768,1.54849,1.54901,2.63,2.25
2011.12.21 03:10:00.596,1.54849,1.54901,2.63,2.25
2011.12.21 03:10:02.353,1.54849,1.54901,2.63,2.25
2011.12.21 03:10:02.872,1.54849,1.54901,2.63,2.25
2011.12.21 03:10:03.972,1.54849,1.54901,2.63,2.25
2011.12.21 03:10:04.043,1.54851,1.54901,1.50,1.50
2011.12.21 03:10:04.559,1.54853,1.54901,1.50,1.50
2011.12.21 03:10:04.797,1.54851,1.54901,1.50,1.50
2011.12.21 03:10:05.325,1.54851,1.54901,1.50,1.50
2011.12.21 03:10:06.499,1.54851,1.54901,1.50,1.50
2011.12.21 03:10:09.250,1.54852,1.54901,1.50,1.50
2011.12.21 03:10:09.723,1.54852,1.54901,1.50,1.50
2011.12.21 03:10:09.805,1.54867,1.54913,1.50,1.13
2011.12.21 03:10:10.077,1.54866,1.54914,1.50,1.88
2011.12.21 03:10:10.322,1.5487,1.54918,1.13,1.50
2011.12.21 03:10:10.460,1.5487,1.54918,1.13,2.25
2011.12.21 03:10:10.825,1.54866,1.54914,1.50,1.50
2011.12.21 03:10:10.964,1.54856,1.5491,3.38,1.50
2011.12.21 03:10:12.291,1.54856,1.5491,3.38,1.50
2011.12.21 03:10:14.802,1.54856,1.5491,3.38,1.50
2011.12.21 03:10:18.933,1.54856,1.5491,2.63,2.25
2011.12.21 03:10:19.465,1.54856,1.5491,3.38,1.50
2011.12.21 03:10:19.925,1.54859,1.5491,1.50,1.50
2011.12.21 03:10:20.305,1.54859,1.54903,1.50,1.50
2011.12.21 03:10:20.618,1.54866,1.54909,1.13,1.88
2011.12.21 03:10:20.683,1.54866,1.54909,1.88,1.50
2011.12.21 03:10:20.757,1.54868,1.5492,1.50,2.25
2011.12.21 03:10:21.005,1.54867,1.5492,2.18,2.25
2011.12.21 03:10:21.194,1.54867,1.54915,1.50,1.50
2011.12.21 03:10:21.733,1.54867,1.54915,1.50,1.50
2011.12.21 03:10:21.883,1.54869,1.54915,1.50,1.50
2011.12.21 03:10:23.431,1.54867,1.54915,1.50,1.50
2011.12.21 03:10:23.944,1.54861,1.54915,2.25,2.63
2011.12.21 03:10:24.195,1.54861,1.54912,1.50,1.13
2011.12.21 03:10:24.262,1.54857,1.54909,2.25,2.25
2011.12.21 03:10:24.703,1.54857,1.54909,2.25,2.25
2011.12.21 03:10:25.180,1.54859,1.54909,1.50,1.50
2011.12.21 03:10:25.425,1.54866,1.54916,1.13,2.25
2011.12.21 03:10:25.713,1.54866,1.54916,1.13,2.25
2011.12.21 03:10:26.223,1.54866,1.54916,1.13,1.50
2011.12.21 03:10:26.475,1.54862,1.54916,3.00,2.25
2011.12.21 03:10:26.546,1.54862,1.54914,3.00,1.13
2011.12.21 03:10:26.741,1.54862,1.54914,2.25,1.13
2011.12.21 03:10:29.882,1.54862,1.54914,3.00,1.13
2011.12.21 03:10:30.131,1.54862,1.54916,1.50,2.25
2011.12.21 03:10:30.202,1.54857,1.54909,3.00,2.63
2011.12.21 03:10:30.453,1.54857,1.54909,3.00,1.88
2011.12.21 03:10:31.347,1.54857,1.54903,1.50,1.50
2011.12.21 03:10:31.757,1.54853,1.54903,1.13,1.50
2011.12.21 03:10:34.287,1.54853,1.54903,1.13,2.25
2011.12.21 03:10:34.677,1.54853,1.54903,1.13,1.50
2011.12.21 03:10:34.981,1.54853,1.54903,1.13,2.25
2011.12.21 03:10:35.111,1.54853,1.54903,1.13,2.25
2011.12.21 03:10:35.684,1.54856,1.54903,1.50,1.50
2011.12.21 03:10:36.894,1.54853,1.54903,1.13,1.50
2011.12.21 03:10:37.880,1.54853,1.54903,1.13,2.25
2011.12.21 03:10:38.005,1.54851,1.54899,1.50,1.50
2011.12.21 03:10:38.074,1.54846,1.54898,2.25,2.25
2011.12.21 03:10:38.201,1.54846,1.54898,2.25,2.25
2011.12.21 03:10:38.453,1.54847,1.54898,2.18,3.00
2011.12.21 03:10:38.724,1.54846,1.54894,2.25,1.13
2011.12.21 03:10:39.351,1.54846,1.54898,3.68,2.25
2011.12.21 03:10:39.715,1.54846,1.54898,3.68,2.25
2011.12.21 03:10:40.151,1.54853,1.54905,3.68,2.25
2011.12.21 03:10:40.462,1.54858,1.54905,2.55,1.88
2011.12.21 03:10:40.723,1.54861,1.54911,1.50,1.50
2011.12.21 03:10:40.915,1.54863,1.54914,2.25,1.13
2011.12.21 03:10:41.378,1.54863,1.54915,2.25,1.88
2011.12.21 03:10:42.168,1.54866,1.54915,1.50,1.50
2011.12.21 03:10:42.431,1.54867,1.54915,1.50,1.50
2011.12.21 03:10:42.653,1.54866,1.54915,1.50,1.50
2011.12.21 03:10:46.211,1.54863,1.54915,2.63,2.25
2011.12.21 03:10:46.672,1.54866,1.54915,1.50,1.50
2011.12.21 03:10:46.865,1.54863,1.54915,2.63,2.25
2011.12.21 03:10:48.844,1.54866,1.54915,1.50,1.50
2011.12.21 03:10:49.774,1.54866,1.54909,1.50,1.50
2011.12.21 03:10:50.292,1.54863,1.54909,1.13,2.25
2011.12.21 03:10:51.761,1.54863,1.54909,1.13,2.25
2011.12.21 03:10:52.531,1.54863,1.54909,1.13,2.25
2011.12.21 03:10:55.443,1.54863,1.54909,1.13,1.50
2011.12.21 03:10:55.751,1.54863,1.54909,1.13,2.25
2011.12.21 03:10:55.881,1.54855,1.54903,1.50,2.25
2011.12.21 03:10:57.720,1.54856,1.54903,1.13,1.50
2011.12.21 03:10:57.791,1.54857,1.54903,1.50,1.50
2011.12.21 03:10:59.601,1.54859,1.54903,1.50,1.50
2011.12.21 03:10:59.795,1.54857,1.54903,1.50,1.50
2011.12.21 03:10:59.861,1.54859,1.54903,1.50,1.50
2011.12.21 03:11:00.074,1.54856,1.54903,3.30,1.50
2011.12.21 03:11:00.234,1.54859,1.54903,1.50,1.50
2011.12.21 03:11:00.633,1.54857,1.54903,1.50,1.50
2011.12.21 03:11:00.784,1.54859,1.54903,1.50,1.50
2011.12.21 03:11:01.142,1.54854,1.54903,1.50,2.33
2011.12.21 03:11:03.712,1.54852,1.54903,2.55,2.33
2011.12.21 03:11:04.175,1.54851,1.549,2.25,1.13
2011.12.21 03:11:04.361,1.54851,1.54899,2.25,1.13
2011.12.21 03:11:05.152,1.54851,1.54903,2.25,3.08
2011.12.21 03:11:05.341,1.54856,1.54903,1.50,2.33
2011.12.21 03:11:07.213,1.54856,1.54903,1.50,1.50
2011.12.21 03:11:07.279,1.54857,1.54903,1.50,1.50
2011.12.21 03:11:07.403,1.54862,1.54914,1.50,1.50
2011.12.21 03:11:07.472,1.54862,1.54916,2.25,2.25
2011.12.21 03:11:08.262,1.54862,1.54916,2.25,2.25
2011.12.21 03:11:09.132,1.54862,1.54916,2.25,2.25
2011.12.21 03:11:09.840,1.54862,1.54916,2.25,2.25
2011.12.21 03:11:10.457,1.54862,1.54916,2.25,2.25
2011.12.21 03:11:11.831,1.54862,1.54916,2.25,2.25
2011.12.21 03:11:12.312,1.54869,1.54916,2.18,1.88
2011.12.21 03:11:12.400,1.54871,1.54916,1.50,1.50
2011.12.21 03:11:12.467,1.54871,1.54916,1.50,2.25
2011.12.21 03:11:12.532,1.54871,1.54916,1.50,1.50
2011.12.21 03:11:12.665,1.54871,1.54916,1.50,2.25
2011.12.21 03:11:15.850,1.54871,1.54916,1.50,2.25
2011.12.21 03:11:17.441,1.54868,1.54916,1.13,2.25
2011.12.21 03:11:17.572,1.54868,1.54916,1.13,2.25
2011.12.21 03:11:17.861,1.54868,1.54916,1.13,2.25
2011.12.21 03:11:18.185,1.54859,1.5491,1.20,2.25
2011.12.21 03:11:18.414,1.54859,1.5491,1.20,2.25
2011.12.21 03:11:18.486,1.54858,1.5491,2.55,2.25
2011.12.21 03:11:18.734,1.54858,1.54908,2.25,2.18
2011.12.21 03:11:19.491,1.54856,1.54904,1.13,2.25
2011.12.21 03:11:22.542,1.54856,1.54904,1.88,2.25
2011.12.21 03:11:23.764,1.5486,1.54904,1.50,2.25
2011.12.21 03:11:24.107,1.5486,1.54909,1.50,1.50
2011.12.21 03:11:24.235,1.54864,1.54909,2.18,1.50
2011.12.21 03:11:24.367,1.54864,1.54913,2.18,1.13
2011.12.21 03:11:24.433,1.54864,1.54913,2.18,1.13
2011.12.21 03:11:25.083,1.54864,1.54913,2.18,1.13
2011.12.21 03:11:27.108,1.54864,1.54913,2.18,1.13
2011.12.21 03:11:27.176,1.54864,1.54913,2.18,1.13
2011.12.21 03:11:27.645,1.54864,1.54914,2.18,1.13
2011.12.21 03:11:27.987,1.54864,1.54916,2.18,2.25
2011.12.21 03:11:28.206,1.54864,1.54913,2.18,1.13
2011.12.21 03:11:44.243,1.54859,1.5491,1.50,2.25
2011.12.21 03:11:46.503,1.54859,1.5491,1.50,2.25
2011.12.21 03:11:47.322,1.54859,1.5491,1.50,2.25
2011.12.21 03:11:58.056,1.54859,1.5491,1.50,2.25
2011.12.21 03:12:02.891,1.54859,1.5491,1.50,1.50
2011.12.21 03:12:03.251,1.54859,1.5491,1.50,2.25
2011.12.21 03:12:03.470,1.54859,1.5491,1.50,2.25
2011.12.21 03:12:23.685,1.54858,1.5491,2.25,2.25
2011.12.21 03:12:23.993,1.54858,1.54904,1.50,1.13
2011.12.21 03:12:24.533,1.54856,1.54904,1.09,1.13
2011.12.21 03:12:32.201,1.54856,1.54904,1.09,1.13
2011.12.21 03:12:46.270,1.54858,1.54908,2.25,2.55
2011.12.21 03:12:46.332,1.5486,1.5491,1.50,2.25
2011.12.21 03:12:46.463,1.5486,1.5491,1.50,2.25
2011.12.21 03:12:48.081,1.54859,1.54904,1.50,1.50
2011.12.21 03:12:48.234,1.54859,1.54908,1.50,2.18
2011.12.21 03:12:49.806,1.5486,1.54911,1.50,2.25
2011.12.21 03:12:51.252,1.54863,1.54911,2.93,2.25
2011.12.21 03:12:51.443,1.54862,1.54911,1.50,2.25
2011.12.21 03:12:51.873,1.54863,1.54911,1.50,2.25
2011.12.21 03:12:52.262,1.54861,1.54911,1.43,2.25
2011.12.21 03:12:52.700,1.54861,1.54911,1.43,2.25
2011.12.21 03:12:55.013,1.54866,1.54911,1.13,1.50
2011.12.21 03:12:55.087,1.54867,1.54916,1.50,2.25
2011.12.21 03:12:55.214,1.54867,1.54916,1.50,1.50
2011.12.21 03:12:55.341,1.54867,1.54916,2.93,2.25
2011.12.21 03:12:56.119,1.54867,1.54916,1.50,2.25
2011.12.21 03:12:58.743,1.54868,1.54916,1.50,2.25
2011.12.21 03:13:00.457,1.54869,1.54916,1.50,2.25
2011.12.21 03:13:05.692,1.54867,1.54916,1.50,2.25
2011.12.21 03:13:06.348,1.54876,1.54916,1.13,2.93
2011.12.21 03:13:06.788,1.54877,1.54916,1.50,1.50
2011.12.21 03:13:06.852,1.54868,1.54918,2.25,2.55
2011.12.21 03:13:06.988,1.54864,1.5491,1.50,1.50
2011.12.21 03:13:07.053,1.54863,1.54916,3.31,1.50
2011.12.21 03:13:07.307,1.5487,1.54909,2.18,1.50
2011.12.21 03:13:07.375,1.54864,1.54909,1.50,1.50
2011.12.21 03:13:07.624,1.54863,1.54909,2.93,2.25
2011.12.21 03:13:07.718,1.54863,1.54909,2.93,1.50
2011.12.21 03:13:08.664,1.54864,1.54909,1.50,2.25
2011.12.21 03:13:09.043,1.54863,1.54909,2.18,2.25
2011.12.21 03:13:09.684,1.54864,1.54909,1.50,2.25
2011.12.21 03:13:09.756,1.54866,1.54916,1.13,2.25
2011.12.21 03:13:09.828,1.5487,1.54916,2.18,2.25
2011.12.21 03:13:10.413,1.54869,1.54916,1.13,2.25
2011.12.21 03:13:10.486,1.54869,1.54916,1.13,2.25
2011.12.21 03:13:11.062,1.54863,1.54909,2.18,1.13
2011.12.21 03:13:12.504,1.54861,1.5491,1.13,1.88
2011.12.21 03:13:13.743,1.54869,1.54915,1.13,1.50
2011.12.21 03:13:13.933,1.54871,1.54915,1.50,1.50
2011.12.21 03:13:14.243,1.54872,1.54915,1.50,1.50
2011.12.21 03:13:14.314,1.54872,1.54915,1.50,1.50
2011.12.21 03:13:19.756,1.54872,1.54915,1.50,1.50
2011.12.21 03:13:26.925,1.54872,1.54915,1.50,1.50
2011.12.21 03:13:27.511,1.54871,1.54915,1.50,2.25
2011.12.21 03:13:28.175,1.54863,1.54915,4.43,2.25
2011.12.21 03:13:39.281,1.54864,1.54915,1.50,2.25
2011.12.21 03:13:40.193,1.54863,1.54915,4.05,2.25
2011.12.21 03:13:40.322,1.54866,1.54915,2.55,2.25
2011.12.21 03:13:44.222,1.54868,1.54915,1.50,1.50
2011.12.21 03:13:49.752,1.54867,1.54915,1.50,1.50
2011.12.21 03:13:50.451,1.54867,1.54915,1.50,1.50
2011.12.21 03:13:51.411,1.54869,1.54921,1.88,2.25
2011.12.21 03:13:51.484,1.54873,1.54921,1.80,1.50
2011.12.21 03:13:51.611,1.54873,1.54921,2.55,1.50
2011.12.21 03:13:51.922,1.54873,1.54921,1.13,2.25
2011.12.21 03:13:55.453,1.5489,1.54926,2.25,1.80
2011.12.21 03:13:55.644,1.54893,1.54938,2.18,1.13
2011.12.21 03:13:55.894,1.54895,1.54938,2.25,1.13
2011.12.21 03:13:56.694,1.54898,1.54939,1.43,1.13
2011.12.21 03:13:56.824,1.54898,1.54943,1.43,2.25
2011.12.21 03:13:56.894,1.54893,1.54943,2.18,2.25
2011.12.21 03:14:10.905,1.54893,1.54943,1.43,2.25
2011.12.21 03:14:11.213,1.54886,1.54938,1.20,2.25
2011.12.21 03:14:11.539,1.54889,1.54943,2.40,3.68
2011.12.21 03:14:14.307,1.54889,1.54943,1.65,2.25
2011.12.21 03:14:14.375,1.54889,1.54943,2.40,2.25
2011.12.21 03:14:14.576,1.54889,1.54943,1.65,2.25
2011.12.21 03:14:14.641,1.54889,1.54943,2.40,2.25
2011.12.21 03:14:14.713,1.54891,1.54943,1.50,2.25
2011.12.21 03:14:15.022,1.54898,1.54943,1.13,2.25
2011.12.21 03:14:15.914,1.54898,1.54943,1.13,2.25
2011.12.21 03:14:22.430,1.54898,1.54943,1.13,2.25
2011.12.21 03:14:22.613,1.54898,1.54943,1.13,2.25
2011.12.21 03:14:23.573,1.54898,1.54943,1.13,2.25
2011.12.21 03:14:25.667,1.54898,1.54943,1.13,2.25
2011.12.21 03:14:27.342,1.54898,1.54943,1.13,2.25
2011.12.21 03:14:27.607,1.54893,1.54937,1.43,2.25
2011.12.21 03:14:27.685,1.54893,1.54937,1.43,2.25
2011.12.21 03:14:27.756,1.54883,1.54931,2.55,2.25
2011.12.21 03:14:27.944,1.54886,1.54931,1.50,2.25
2011.12.21 03:14:28.017,1.54883,1.54931,1.13,2.25
2011.12.21 03:14:28.203,1.54886,1.54931,1.50,2.25
2011.12.21 03:14:32.052,1.54882,1.54931,1.50,1.50
2011.12.21 03:14:32.555,1.54893,1.54934,1.50,1.13
2011.12.21 03:14:32.622,1.54893,1.54938,2.25,2.18
2011.12.21 03:14:32.974,1.54893,1.54943,2.25,3.30
2011.12.21 03:14:33.299,1.54894,1.54943,1.50,2.93
2011.12.21 03:14:33.367,1.54893,1.54947,4.43,2.63
2011.12.21 03:14:34.341,1.54893,1.54947,4.43,2.63
2011.12.21 03:14:34.668,1.54893,1.54947,4.43,2.63
2011.12.21 03:14:34.777,1.54893,1.54947,4.43,2.63
2011.12.21 03:14:37.415,1.54893,1.54947,4.43,2.63
2011.12.21 03:14:44.894,1.54893,1.54947,4.43,2.63
2011.12.21 03:14:45.058,1.54893,1.54947,4.43,2.63
2011.12.21 03:14:45.332,1.54893,1.54947,4.43,2.63
2011.12.21 03:14:45.400,1.54893,1.54947,4.43,2.63
2011.12.21 03:14:46.104,1.54893,1.54947,4.43,2.63
2011.12.21 03:14:46.609,1.54893,1.54947,4.43,2.63
2011.12.21 03:14:47.811,1.54893,1.54947,4.43,2.63
2011.12.21 03:14:49.997,1.54893,1.54947,4.43,2.63
2011.12.21 03:15:02.909,1.54896,1.54946,1.58,1.13
2011.12.21 03:15:03.416,1.54893,1.54941,3.08,1.13
2011.12.21 03:15:03.723,1.54889,1.54929,1.55,1.13
2011.12.21 03:15:04.053,1.54882,1.54927,1.30,1.13
2011.12.21 03:15:05.412,1.54881,1.54929,3.41,1.80
2011.12.21 03:15:05.543,1.54882,1.54933,1.30,1.13
2011.12.21 03:15:06.109,1.54882,1.54933,1.35,1.13
2011.12.21 03:15:06.385,1.54881,1.54932,2.10,1.13
2011.12.21 03:15:06.693,1.54882,1.54923,1.03,2.18
2011.12.21 03:15:06.881,1.54887,1.54928,1.03,2.55
2011.12.21 03:15:07.251,1.54882,1.54926,1.71,1.13
2011.12.21 03:15:09.482,1.54882,1.54927,1.75,1.13
2011.12.21 03:15:12.472,1.54878,1.54926,1.58,1.13
2011.12.21 03:15:12.623,1.54881,1.54926,1.58,1.13
2011.12.21 03:15:12.873,1.54897,1.54944,2.25,1.50
2011.12.21 03:15:13.919,1.54897,1.54939,1.50,1.13
2011.12.21 03:15:14.124,1.54892,1.54937,2.93,1.13
2011.12.21 03:15:15.511,1.54892,1.54939,2.25,1.13
2011.12.21 03:15:17.167,1.54892,1.54939,2.25,1.13
2011.12.21 03:15:17.712,1.54892,1.54944,2.25,4.80
2011.12.21 03:15:17.782,1.54892,1.54938,2.25,1.13
2011.12.21 03:15:17.971,1.54892,1.54943,2.25,1.50
2011.12.21 03:15:18.116,1.54892,1.54939,2.25,1.13
2011.12.21 03:15:18.436,1.54892,1.54937,1.50,1.13
2011.12.21 03:15:18.586,1.54892,1.54939,2.25,1.13
2011.12.21 03:15:21.120,1.54892,1.54939,2.25,1.13
2011.12.21 03:15:21.920,1.54892,1.54939,2.25,1.50
2011.12.21 03:15:22.241,1.54887,1.5493,1.50,1.13
2011.12.21 03:15:22.314,1.54887,1.54933,2.25,1.13
2011.12.21 03:15:22.596,1.54887,1.54931,2.25,1.13
2011.12.21 03:15:22.666,1.54887,1.54934,2.25,1.13
2011.12.21 03:15:22.841,1.54887,1.54931,1.50,1.13
2011.12.21 03:15:22.957,1.54887,1.54933,2.25,1.13
2011.12.21 03:15:23.169,1.54887,1.54931,1.50,1.13
2011.12.21 03:15:23.325,1.54887,1.54933,2.25,1.13
2011.12.21 03:15:23.762,1.54887,1.54931,2.25,1.13
2011.12.21 03:15:23.925,1.54887,1.54933,2.25,1.13
2011.12.21 03:15:25.473,1.54882,1.54931,2.25,1.13
2011.12.21 03:15:25.733,1.54882,1.54931,1.50,1.13
2011.12.21 03:15:26.373,1.54873,1.54925,2.63,2.25
2011.12.21 03:15:27.279,1.54873,1.54925,2.63,1.50
2011.12.21 03:15:27.834,1.54873,1.54925,2.63,2.25
2011.12.21 03:15:28.471,1.54873,1.54925,2.63,2.25
2011.12.21 03:15:28.541,1.54873,1.54925,2.63,2.25
2011.12.21 03:15:28.764,1.54873,1.54925,2.63,2.25
2011.12.21 03:15:29.972,1.54873,1.54925,2.63,2.25
2011.12.21 03:15:30.361,1.54873,1.54925,2.63,2.25
2011.12.21 03:15:32.193,1.54878,1.54925,1.13,1.50
2011.12.21 03:15:32.328,1.54883,1.54929,2.25,2.18
2011.12.21 03:15:32.396,1.54883,1.54929,2.25,1.43
2011.12.21 03:15:32.463,1.54884,1.54935,2.18,2.25
2011.12.21 03:15:32.804,1.54887,1.54934,2.25,1.13
2011.12.21 03:15:33.605,1.54887,1.54939,2.25,1.50
2011.12.21 03:15:33.821,1.54887,1.54934,2.25,1.13
2011.12.21 03:15:34.713,1.54887,1.54932,1.50,1.13
2011.12.21 03:15:35.226,1.54887,1.54934,2.25,1.50
2011.12.21 03:15:35.300,1.54882,1.54929,2.25,1.13
2011.12.21 03:15:38.362,1.54882,1.5493,2.25,1.13
2011.12.21 03:15:39.441,1.54882,1.5493,2.25,1.13
2011.12.21 03:15:46.537,1.54882,1.5493,1.50,1.13
2011.12.21 03:15:47.323,1.54882,1.5493,2.25,1.13
2011.12.21 03:15:47.452,1.54881,1.5493,1.50,2.25
2011.12.21 03:15:50.364,1.54882,1.54926,2.25,2.25
2011.12.21 03:15:50.554,1.54893,1.54938,3.00,1.13
2011.12.21 03:15:50.704,1.54903,1.54945,2.25,1.13
2011.12.21 03:15:52.374,1.54903,1.54945,2.25,1.13
2011.12.21 03:15:52.756,1.54903,1.54944,1.50,1.13
2011.12.21 03:15:52.824,1.54903,1.54949,1.50,1.13
2011.12.21 03:15:52.896,1.54896,1.54949,2.25,1.13
2011.12.21 03:15:53.364,1.54896,1.54949,1.50,1.50
2011.12.21 03:15:57.985,1.54896,1.54949,2.25,1.13
2011.12.21 03:16:01.876,1.54896,1.54949,2.40,1.13
2011.12.21 03:16:02.201,1.54896,1.54949,1.65,1.50
2011.12.21 03:16:02.331,1.54896,1.54949,2.40,1.13
2011.12.21 03:16:02.883,1.54896,1.54949,2.40,1.88
2011.12.21 03:16:03.305,1.54893,1.5494,2.48,1.13
2011.12.21 03:16:05.773,1.5489,1.54939,3.00,1.13
2011.12.21 03:16:06.623,1.5489,1.54942,3.08,1.80
2011.12.21 03:16:07.809,1.5489,1.54942,2.33,1.80
2011.12.21 03:16:08.402,1.5489,1.54943,3.08,2.55
2011.12.21 03:16:08.472,1.5489,1.5494,2.33,2.18
2011.12.21 03:16:08.900,1.5489,1.5494,2.33,2.18
2011.12.21 03:16:08.967,1.5489,1.54943,2.33,2.55
2011.12.21 03:16:09.864,1.5489,1.54938,2.33,1.50
2011.12.21 03:16:13.654,1.5489,1.54934,2.33,1.13
2011.12.21 03:16:14.596,1.5489,1.54935,1.58,1.13
2011.12.21 03:16:15.111,1.54886,1.54935,1.23,2.63
2011.12.21 03:16:15.675,1.54888,1.54935,2.33,1.13
2011.12.21 03:16:16.182,1.54888,1.54941,2.33,1.13
2011.12.21 03:16:16.313,1.54888,1.54942,2.33,2.63
2011.12.21 03:16:16.916,1.54888,1.54938,2.33,2.18
2011.12.21 03:16:17.247,1.54888,1.54938,2.33,2.18
2011.12.21 03:16:17.395,1.54889,1.54938,1.58,2.18
2011.12.21 03:16:17.642,1.54888,1.54942,3.75,2.63
2011.12.21 03:16:17.712,1.54888,1.54942,4.50,2.63
2011.12.21 03:16:17.945,1.54888,1.54942,3.75,2.63
2011.12.21 03:16:18.012,1.54888,1.54942,4.50,2.63
2011.12.21 03:16:18.386,1.54888,1.54942,3.75,2.63
2011.12.21 03:16:21.017,1.54888,1.54942,4.50,2.63
2011.12.21 03:16:21.807,1.54888,1.54942,4.50,2.63
2011.12.21 03:16:21.904,1.54888,1.54942,3.75,2.63
2011.12.21 03:16:22.392,1.54888,1.54942,4.50,2.63
2011.12.21 03:16:22.675,1.54888,1.54942,3.75,2.63
2011.12.21 03:16:23.003,1.54888,1.54942,4.50,2.63
2011.12.21 03:16:23.552,1.54888,1.54942,3.75,2.63
2011.12.21 03:16:24.634,1.54887,1.54934,1.56,1.13
2011.12.21 03:16:24.703,1.54892,1.54938,2.33,1.95
2011.12.21 03:16:24.833,1.54892,1.54938,2.33,1.43
2011.12.21 03:16:25.214,1.54897,1.54948,1.58,1.50
2011.12.21 03:16:25.791,1.54898,1.54948,1.58,1.50
2011.12.21 03:16:26.125,1.54897,1.54945,1.58,1.13
2011.12.21 03:16:26.780,1.54896,1.54949,2.33,1.50
2011.12.21 03:16:27.327,1.54896,1.54945,1.58,1.13
2011.12.21 03:16:27.834,1.54896,1.54945,1.58,2.55
2011.12.21 03:16:27.902,1.54896,1.54945,2.33,1.80
2011.12.21 03:16:28.326,1.54896,1.54945,1.58,2.55
2011.12.21 03:16:30.987,1.54896,1.54945,1.58,1.13
2011.12.21 03:16:31.871,1.54896,1.54944,1.58,1.13
2011.12.21 03:16:32.807,1.54896,1.54945,1.58,1.13
2011.12.21 03:16:32.875,1.54896,1.54945,1.58,1.13
2011.12.21 03:16:33.402,1.54896,1.54945,1.58,2.55
2011.12.21 03:16:36.164,1.54889,1.54942,3.24,1.13
2011.12.21 03:16:36.354,1.5489,1.54941,1.74,1.13
2011.12.21 03:16:42.365,1.54889,1.5494,2.49,1.13
2011.12.21 03:16:45.386,1.5489,1.54939,1.74,1.13
2011.12.21 03:16:45.844,1.54889,1.5494,3.08,1.13
2011.12.21 03:16:46.493,1.5489,1.54941,1.58,1.13
2011.12.21 03:16:47.104,1.5489,1.54941,1.58,1.13
2011.12.21 03:16:47.362,1.54889,1.54942,3.08,1.13
2011.12.21 03:16:47.587,1.5489,1.54941,1.58,1.13
2011.12.21 03:16:50.761,1.54889,1.54942,1.58,1.13
2011.12.21 03:17:04.073,1.54889,1.54942,2.33,1.13
2011.12.21 03:17:04.414,1.54889,1.54942,1.58,1.13
2011.12.21 03:17:04.960,1.54887,1.54933,1.02,2.25
2011.12.21 03:17:05.838,1.54884,1.54933,1.58,2.25
2011.12.21 03:17:11.079,1.54883,1.54933,1.58,2.25
2011.12.21 03:17:15.462,1.54883,1.54933,1.58,2.25
2011.12.21 03:17:23.415,1.54882,1.54933,1.50,2.25
2011.12.21 03:17:24.154,1.54882,1.54933,1.50,2.25
2011.12.21 03:17:29.256,1.54881,1.54928,2.18,2.25
2011.12.21 03:17:29.382,1.54877,1.54928,1.50,2.25
2011.12.21 03:17:29.951,1.54876,1.54928,4.05,2.25
2011.12.21 03:17:34.283,1.54876,1.54923,1.13,2.25
2011.12.21 03:17:34.631,1.5488,1.54928,1.50,2.55
2011.12.21 03:17:34.704,1.5488,1.54928,2.63,2.55
2011.12.21 03:17:34.893,1.54882,1.54934,1.50,2.25
2011.12.21 03:17:35.408,1.5489,1.54937,2.93,1.13
2011.12.21 03:17:35.477,1.5489,1.54937,3.68,1.13
2011.12.21 03:17:36.195,1.5489,1.54939,2.93,1.13
2011.12.21 03:17:36.443,1.5489,1.54944,2.25,2.25
2011.12.21 03:17:36.690,1.5489,1.54944,2.25,2.25
2011.12.21 03:17:37.015,1.5489,1.54944,2.25,2.25
2011.12.21 03:17:37.527,1.5489,1.54944,2.25,2.25
2011.12.21 03:17:39.830,1.5489,1.54944,2.25,2.25
2011.12.21 03:17:40.625,1.5489,1.54944,2.25,2.25
2011.12.21 03:17:46.153,1.54889,1.54934,1.13,1.50
2011.12.21 03:17:46.472,1.5488,1.54933,1.50,1.13
2011.12.21 03:17:46.924,1.5488,1.54932,2.25,1.13
2011.12.21 03:17:55.673,1.5489,1.54933,1.43,1.13
2011.12.21 03:17:55.744,1.5489,1.54934,3.68,1.13
2011.12.21 03:17:56.262,1.54901,1.54948,2.18,1.13
2011.12.21 03:17:57.916,1.54901,1.54948,1.43,1.13
2011.12.21 03:17:58.103,1.54893,1.54945,1.50,2.25
2011.12.21 03:17:58.352,1.54889,1.5494,1.13,2.25
2011.12.21 03:17:58.484,1.54889,1.5494,1.13,2.25
2011.12.21 03:17:59.247,1.54889,1.5494,1.13,2.25
2011.12.21 03:18:01.501,1.54889,1.5494,1.13,2.25
2011.12.21 03:18:04.145,1.5488,1.54932,1.88,2.63
2011.12.21 03:18:10.679,1.5488,1.54932,2.25,2.63
2011.12.21 03:18:14.460,1.54886,1.54937,2.18,2.25
2011.12.21 03:18:15.366,1.54885,1.54937,1.50,2.63
2011.12.21 03:18:24.215,1.54885,1.54937,2.25,2.25
2011.12.21 03:18:29.672,1.54886,1.54937,1.50,2.25
2011.12.21 03:18:29.864,1.54901,1.54948,2.18,1.13
2011.12.21 03:18:30.197,1.549,1.54952,1.50,3.68
2011.12.21 03:18:30.726,1.54891,1.54943,1.50,1.50
2011.12.21 03:18:39.895,1.54889,1.54943,2.25,2.25
2011.12.21 03:18:39.962,1.54889,1.5494,1.50,1.13
2011.12.21 03:18:40.153,1.54885,1.54937,1.50,2.25
2011.12.21 03:18:48.112,1.5488,1.54931,1.13,1.50
2011.12.21 03:18:48.181,1.5488,1.54931,1.13,2.25
2011.12.21 03:18:48.747,1.54879,1.54931,2.25,2.25
2011.12.21 03:18:51.436,1.54881,1.54931,1.13,2.25
2011.12.21 03:18:51.841,1.54882,1.54931,1.13,2.25
2011.12.21 03:18:51.911,1.54887,1.54934,1.50,1.13
2011.12.21 03:18:52.046,1.54881,1.54933,2.63,1.50
2011.12.21 03:18:54.536,1.54881,1.54933,1.88,2.25
2011.12.21 03:18:55.015,1.54881,1.5493,1.50,1.13
2011.12.21 03:18:55.967,1.54881,1.54929,2.25,1.13
2011.12.21 03:18:56.035,1.54881,1.54929,1.50,1.13
2011.12.21 03:18:56.479,1.54881,1.54929,1.50,1.13
2011.12.21 03:18:56.625,1.54881,1.54929,1.50,1.13
2011.12.21 03:18:57.497,1.54881,1.54929,2.25,1.13
2011.12.21 03:19:06.016,1.54881,1.5493,2.63,1.13
2011.12.21 03:19:06.315,1.54892,1.54936,1.50,1.05
2011.12.21 03:19:06.936,1.54892,1.54938,2.25,1.13
2011.12.21 03:19:07.075,1.54892,1.54938,1.50,1.13
2011.12.21 03:19:07.533,1.54892,1.54938,1.50,1.13
2011.12.21 03:19:08.001,1.54892,1.54938,1.50,1.13
2011.12.21 03:19:13.762,1.54889,1.54938,1.43,1.13
2011.12.21 03:19:14.506,1.54889,1.54938,1.43,1.13
2011.12.21 03:19:15.606,1.54889,1.54938,1.43,1.13
2011.12.21 03:19:15.822,1.54881,1.5493,1.28,2.25
2011.12.21 03:19:16.046,1.5489,1.54937,1.43,1.13
2011.12.21 03:19:16.114,1.5489,1.54938,1.43,1.13
2011.12.21 03:19:16.427,1.5489,1.54937,1.43,1.13
2011.12.21 03:19:18.409,1.5489,1.5494,2.18,2.25
2011.12.21 03:19:18.534,1.54913,1.54946,1.50,1.43
2011.12.21 03:19:18.606,1.54915,1.54952,1.43,1.13
2011.12.21 03:19:18.914,1.54913,1.54952,1.50,1.13
2011.12.21 03:19:19.163,1.54905,1.54954,1.43,2.40
2011.12.21 03:19:19.235,1.54899,1.54945,1.43,2.25
2011.12.21 03:19:19.363,1.54891,1.54945,4.95,2.25
2011.12.21 03:19:19.432,1.54891,1.54945,4.58,2.25
2011.12.21 03:19:19.505,1.54902,1.54951,1.88,2.18
2011.12.21 03:19:19.574,1.54904,1.54953,1.43,1.13
2011.12.21 03:19:19.884,1.54902,1.54953,1.88,1.13
2011.12.21 03:19:19.955,1.54902,1.54952,1.88,1.13
2011.12.21 03:19:20.026,1.54905,1.54952,1.43,1.13
2011.12.21 03:19:20.342,1.54902,1.54952,1.88,1.13
2011.12.21 03:19:21.188,1.54902,1.54956,1.88,1.88
2011.12.21 03:19:21.372,1.54902,1.54956,2.63,1.50
2011.12.21 03:19:21.922,1.54907,1.54956,1.13,1.50
2011.12.21 03:19:27.802,1.54907,1.54956,1.13,2.25
2011.12.21 03:19:30.714,1.54907,1.54956,1.13,2.25
2011.12.21 03:19:31.447,1.54907,1.54956,1.13,2.25
2011.12.21 03:19:32.197,1.54907,1.54956,1.13,2.25
2011.12.21 03:19:35.287,1.54903,1.54956,1.13,2.25
2011.12.21 03:19:35.353,1.54903,1.54956,1.13,2.25
2011.12.21 03:19:35.773,1.54903,1.54956,1.13,2.25
2011.12.21 03:19:36.534,1.54903,1.54956,2.55,2.25
2011.12.21 03:19:36.666,1.54903,1.54956,2.55,2.25
2011.12.21 03:19:37.154,1.549,1.54948,1.13,2.25
2011.12.21 03:19:37.526,1.54903,1.54948,1.43,2.25
2011.12.21 03:19:38.112,1.549,1.54948,1.13,2.25
2011.12.21 03:19:38.189,1.54904,1.54948,1.13,2.25
2011.12.21 03:19:38.465,1.54904,1.54948,1.13,2.33
2011.12.21 03:19:38.775,1.5491,1.54949,1.43,2.33
2011.12.21 03:19:38.846,1.54904,1.54949,1.13,2.33
2011.12.21 03:19:39.452,1.54904,1.54949,1.13,2.33
2011.12.21 03:19:41.856,1.54904,1.54949,1.13,2.33
2011.12.21 03:19:42.103,1.54901,1.54949,1.13,2.33
2011.12.21 03:19:42.173,1.54898,1.54949,1.13,2.33
2011.12.21 03:19:42.304,1.54898,1.54949,1.13,2.33
2011.12.21 03:19:43.072,1.54898,1.54949,1.13,2.70
2011.12.21 03:19:53.629,1.54898,1.54945,1.13,2.33
2011.12.21 03:19:55.687,1.54892,1.54944,2.18,1.13
2011.12.21 03:19:55.875,1.54892,1.54944,2.18,1.20
2011.12.21 03:19:55.944,1.54891,1.54941,1.50,1.13
2011.12.21 03:19:56.273,1.54891,1.54941,1.50,1.13
2011.12.21 03:19:56.405,1.54886,1.54937,1.13,1.13
2011.12.21 03:19:56.474,1.54886,1.54937,1.13,1.13
2011.12.21 03:19:58.342,1.54886,1.54936,1.13,1.13
2011.12.21 03:19:58.942,1.54886,1.54939,1.13,2.25
2011.12.21 03:19:59.015,1.54886,1.54939,1.13,2.25
2011.12.21 03:19:59.625,1.54887,1.54939,1.50,2.25
2011.12.21 03:19:59.754,1.54886,1.54939,1.50,2.63
2011.12.21 03:20:00.618,1.54886,1.54939,1.50,2.63
2011.12.21 03:20:03.726,1.54885,1.54937,2.25,1.13
2011.12.21 03:20:03.977,1.54885,1.54934,1.50,1.13
2011.12.21 03:20:04.182,1.54885,1.54934,1.50,1.13
2011.12.21 03:20:11.735,1.54887,1.54934,1.13,1.13
2011.12.21 03:20:13.174,1.54891,1.54944,2.25,1.13
2011.12.21 03:20:14.585,1.54891,1.54945,2.25,2.63
2011.12.21 03:20:20.774,1.54891,1.54945,2.25,2.63
2011.12.21 03:20:21.493,1.54891,1.54944,3.00,1.13
2011.12.21 03:20:22.012,1.54891,1.54945,2.25,2.63
2011.12.21 03:20:39.932,1.54895,1.54945,1.13,1.88
2011.12.21 03:20:40.002,1.54896,1.54945,1.50,1.50
2011.12.21 03:20:40.368,1.54898,1.54945,1.50,1.50
2011.12.21 03:20:40.690,1.54898,1.54945,1.50,1.50
2011.12.21 03:20:40.815,1.54898,1.54951,3.00,1.50
2011.12.21 03:20:40.884,1.54902,1.54951,1.43,1.50
2011.12.21 03:20:41.194,1.54902,1.54944,1.43,1.13
2011.12.21 03:20:41.265,1.54898,1.54945,1.50,1.13
2011.12.21 03:20:42.193,1.54893,1.54945,1.50,1.13
2011.12.21 03:20:42.522,1.54893,1.54944,2.25,1.13
2011.12.21 03:20:43.186,1.54893,1.54944,1.50,1.13
2011.12.21 03:20:45.429,1.54893,1.54945,1.50,1.13
2011.12.21 03:20:45.946,1.54893,1.54945,1.50,1.13
2011.12.21 03:20:51.605,1.54893,1.54936,1.50,2.18
2011.12.21 03:20:52.314,1.54892,1.5494,2.25,1.13
2011.12.21 03:20:52.844,1.54892,1.54939,2.25,1.13
2011.12.21 03:21:00.513,1.54892,1.5494,3.68,1.13
2011.12.21 03:21:00.702,1.54892,1.54937,2.25,1.05
2011.12.21 03:21:00.952,1.54892,1.54933,1.43,1.05
2011.12.21 03:21:01.142,1.54884,1.54933,1.50,1.05
2011.12.21 03:21:01.272,1.54883,1.54933,3.68,1.05
2011.12.21 03:21:07.022,1.5488,1.54929,1.13,2.25
2011.12.21 03:21:17.944,1.5488,1.54929,1.13,2.25
2011.12.21 03:21:18.293,1.5488,1.54929,1.13,2.25
2011.12.21 03:21:18.443,1.5488,1.54929,1.13,2.25
2011.12.21 03:21:18.514,1.5488,1.54929,1.13,1.50
2011.12.21 03:21:18.646,1.5488,1.54922,1.13,1.50
2011.12.21 03:21:19.184,1.5488,1.54922,1.13,1.50
2011.12.21 03:21:19.696,1.5488,1.54922,1.13,1.50
2011.12.21 03:21:21.933,1.5488,1.54922,1.13,1.50
2011.12.21 03:21:22.067,1.5488,1.54926,2.63,2.18
2011.12.21 03:21:22.434,1.5488,1.54931,2.63,2.18
2011.12.21 03:21:22.507,1.54882,1.54931,1.50,1.43
2011.12.21 03:21:22.633,1.54881,1.54932,2.18,2.25
2011.12.21 03:21:22.884,1.54882,1.54932,1.50,1.50
2011.12.21 03:21:24.299,1.54882,1.54932,1.88,1.50
2011.12.21 03:21:24.485,1.54882,1.54932,1.13,2.25
2011.12.21 03:21:24.813,1.54882,1.54932,1.50,2.25
2011.12.21 03:21:24.944,1.54883,1.54932,1.50,2.25
2011.12.21 03:21:25.015,1.54882,1.54932,2.18,2.25
2011.12.21 03:21:25.389,1.54882,1.54927,1.13,2.25
2011.12.21 03:21:25.515,1.54882,1.54927,1.13,1.50
2011.12.21 03:21:25.675,1.54878,1.54927,1.13,1.50
2011.12.21 03:21:26.692,1.54878,1.54927,1.13,1.50
2011.12.21 03:21:27.515,1.54881,1.54927,2.18,1.50
2011.12.21 03:21:27.932,1.54881,1.54927,1.13,1.50
2011.12.21 03:21:28.387,1.54884,1.54927,1.13,1.50
2011.12.21 03:21:29.064,1.54884,1.54932,1.13,1.50
2011.12.21 03:21:33.281,1.54886,1.54938,2.25,2.25
2011.12.21 03:21:33.793,1.54886,1.54938,2.25,2.25
2011.12.21 03:21:34.947,1.54887,1.54938,1.13,2.25
2011.12.21 03:21:35.137,1.54887,1.54938,1.13,1.50
2011.12.21 03:21:35.264,1.54889,1.54938,1.13,1.50
2011.12.21 03:21:35.715,1.54889,1.54938,1.13,2.25
2011.12.21 03:21:36.906,1.54891,1.54938,1.50,2.25
2011.12.21 03:21:37.213,1.54897,1.54949,2.63,3.68
2011.12.21 03:21:37.500,1.54897,1.5494,1.50,1.13
2011.12.21 03:21:37.567,1.54888,1.5494,1.50,2.63
2011.12.21 03:21:48.752,1.54888,1.5494,1.50,2.63
2011.12.21 03:22:02.440,1.54888,1.5494,1.50,2.63
2011.12.21 03:22:02.683,1.54888,1.54939,1.50,1.13
2011.12.21 03:22:03.028,1.54888,1.54939,1.88,1.13
2011.12.21 03:22:03.477,1.54889,1.5494,1.13,2.25
2011.12.21 03:22:06.422,1.54889,1.5494,1.13,2.25
2011.12.21 03:22:10.837,1.54889,1.5494,1.13,2.25
2011.12.21 03:22:11.563,1.54889,1.5494,1.13,2.25
2011.12.21 03:22:13.739,1.54889,1.5494,1.13,2.25
2011.12.21 03:22:20.185,1.54889,1.5494,1.13,2.25
2011.12.21 03:22:30.295,1.54889,1.5494,1.13,2.25
2011.12.21 03:22:32.687,1.54889,1.5494,1.13,2.25
2011.12.21 03:22:38.682,1.54889,1.54944,1.13,1.13
2011.12.21 03:22:38.753,1.54889,1.54945,1.13,1.13
2011.12.21 03:22:45.991,1.54889,1.54948,1.13,1.50
2011.12.21 03:22:47.663,1.54898,1.54948,1.50,1.50
2011.12.21 03:22:47.853,1.54898,1.5495,2.25,1.50
2011.12.21 03:22:50.104,1.54898,1.5495,2.25,1.65
2011.12.21 03:22:55.251,1.54898,1.5495,2.25,1.50
2011.12.21 03:22:58.730,1.54898,1.5495,2.25,1.65
2011.12.21 03:23:06.375,1.54898,1.5495,2.25,1.50
2011.12.21 03:23:21.591,1.54898,1.5495,2.25,1.50
2011.12.21 03:23:22.730,1.54898,1.5495,2.25,1.50
2011.12.21 03:23:34.682,1.54898,1.5495,2.25,1.88
2011.12.21 03:23:35.851,1.54898,1.5495,2.25,1.88
2011.12.21 03:23:38.150,1.54898,1.5495,2.25,1.50
2011.12.21 03:23:42.842,1.54898,1.5495,2.25,1.50
2011.12.21 03:23:47.825,1.54897,1.54956,1.50,1.13
2011.12.21 03:23:49.965,1.54897,1.54956,1.50,1.13
2011.12.21 03:24:01.251,1.54899,1.54957,1.13,1.13
2011.12.21 03:24:06.341,1.54899,1.54957,1.13,1.13
2011.12.21 03:24:09.712,1.54899,1.54954,1.13,1.13
2011.12.21 03:24:15.710,1.54899,1.54957,1.13,1.13
2011.12.21 03:24:23.904,1.54899,1.54954,1.13,1.13
2011.12.21 03:24:24.460,1.54899,1.54951,1.13,1.43
2011.12.21 03:24:24.521,1.54899,1.54954,1.13,1.13
2011.12.21 03:24:35.664,1.54899,1.54954,1.13,1.13
2011.12.21 03:24:36.458,1.54899,1.54951,1.13,2.18
2011.12.21 03:24:37.768,1.54899,1.54951,1.13,2.18
2011.12.21 03:24:58.052,1.54899,1.54949,1.13,1.13
2011.12.21 03:24:58.127,1.54899,1.54955,1.13,1.50
2011.12.21 03:24:58.441,1.54899,1.54955,1.13,1.50
2011.12.21 03:24:58.930,1.54894,1.54949,1.13,1.13
2011.12.21 03:24:59.435,1.54896,1.54945,1.50,1.50
2011.12.21 03:25:04.506,1.54916,1.54945,1.13,1.50
2011.12.21 03:25:04.576,1.54921,1.54949,2.25,2.18
2011.12.21 03:25:04.646,1.54921,1.54963,3.68,1.50
2011.12.21 03:25:04.715,1.54923,1.5497,1.13,1.13
2011.12.21 03:25:05.279,1.54923,1.54973,1.13,2.25
2011.12.21 03:25:06.246,1.54923,1.54973,1.13,2.25
2011.12.21 03:25:06.842,1.54923,1.54973,1.13,2.25
2011.12.21 03:25:07.678,1.54923,1.54973,1.13,2.25
2011.12.21 03:25:09.782,1.54923,1.54973,1.13,2.25
2011.12.21 03:25:10.330,1.54923,1.54973,1.13,2.25
2011.12.21 03:25:13.804,1.54923,1.54973,1.13,2.25
2011.12.21 03:25:14.064,1.54922,1.54973,1.13,2.25
2011.12.21 03:25:14.192,1.54921,1.54966,2.25,1.13
2011.12.21 03:25:14.267,1.54917,1.54956,1.43,2.25
2011.12.21 03:25:14.393,1.54917,1.54956,1.43,1.50
2011.12.21 03:25:14.463,1.54907,1.54961,2.25,3.68
2011.12.21 03:25:14.812,1.5491,1.54961,1.50,1.50
2011.12.21 03:25:15.005,1.54908,1.54961,2.18,2.25
2011.12.21 03:25:15.681,1.54908,1.54961,2.56,2.25
2011.12.21 03:25:18.333,1.5491,1.54961,1.13,2.25
2011.12.21 03:25:18.676,1.54914,1.54961,1.13,2.25
2011.12.21 03:25:18.872,1.54914,1.54961,1.13,1.50
2011.12.21 03:25:18.959,1.54914,1.54961,1.13,2.25
2011.12.21 03:25:19.722,1.54914,1.54961,1.13,2.25
2011.12.21 03:25:20.965,1.54907,1.54961,3.00,2.25
2011.12.21 03:25:21.407,1.54907,1.54961,3.00,2.25
2011.12.21 03:25:21.967,1.54907,1.5496,2.25,1.13
2011.12.21 03:25:22.098,1.54906,1.54958,2.25,2.63
2011.12.21 03:25:22.170,1.54906,1.54957,1.50,2.18
2011.12.21 03:25:22.239,1.54906,1.54957,2.25,2.18
2011.12.21 03:25:22.754,1.54906,1.54957,1.50,2.18
2011.12.21 03:25:23.067,1.54906,1.54951,2.25,2.18
2011.12.21 03:25:23.140,1.5491,1.54958,1.13,2.25
2011.12.21 03:25:25.692,1.54906,1.54958,2.63,2.25
2011.12.21 03:25:25.822,1.54906,1.54958,2.25,2.25
2011.12.21 03:25:26.828,1.54906,1.54958,2.25,2.25
2011.12.21 03:25:27.022,1.54906,1.54955,1.50,1.13
2011.12.21 03:25:29.057,1.54906,1.54956,1.50,1.13
2011.12.21 03:25:30.273,1.54906,1.54955,1.50,1.13
2011.12.21 03:25:30.405,1.54906,1.54956,1.50,1.13
2011.12.21 03:25:30.794,1.54901,1.54953,1.50,2.63
2011.12.21 03:25:31.045,1.54897,1.54947,1.13,2.18
2011.12.21 03:25:31.233,1.54897,1.54947,1.13,2.18
2011.12.21 03:25:31.843,1.54897,1.54947,1.13,2.18
2011.12.21 03:25:37.463,1.54897,1.54947,1.13,2.18
2011.12.21 03:25:44.351,1.54897,1.54947,1.13,2.18
2011.12.21 03:25:44.946,1.54895,1.54949,2.25,2.25
2011.12.21 03:25:45.468,1.54895,1.54949,2.25,2.63
2011.12.21 03:25:45.551,1.54896,1.54949,1.88,2.63
2011.12.21 03:25:45.896,1.54897,1.54949,1.50,1.88
2011.12.21 03:25:45.965,1.54901,1.54949,1.50,1.50
2011.12.21 03:25:46.154,1.54912,1.54963,1.50,1.13
2011.12.21 03:25:46.467,1.54912,1.54962,1.50,1.13
2011.12.21 03:25:46.538,1.54907,1.54961,2.63,2.25
2011.12.21 03:25:50.923,1.54907,1.54954,2.25,1.13
2011.12.21 03:25:51.234,1.54899,1.54949,1.50,1.13
2011.12.21 03:25:55.349,1.54899,1.5495,1.50,2.55
2011.12.21 03:26:01.357,1.54899,1.54949,1.50,1.13
2011.12.21 03:26:01.776,1.54899,1.5495,1.50,2.55
2011.12.21 03:26:03.319,1.54899,1.54949,1.50,1.13
2011.12.21 03:26:03.758,1.54899,1.54949,1.50,1.13
2011.12.21 03:26:05.688,1.54899,1.54949,1.50,1.13
2011.12.21 03:26:05.791,1.54899,1.54949,1.50,1.13
2011.12.21 03:26:06.124,1.54899,1.54949,1.50,1.13
2011.12.21 03:26:06.195,1.54899,1.54949,1.88,1.13
2011.12.21 03:26:06.523,1.54902,1.54953,1.13,2.25
2011.12.21 03:26:07.250,1.54902,1.54953,1.13,2.25
2011.12.21 03:26:07.863,1.54899,1.5495,1.50,2.55
2011.12.21 03:26:09.713,1.54899,1.54949,1.50,1.13
2011.12.21 03:26:11.973,1.54893,1.54945,2.93,2.25
2011.12.21 03:26:13.213,1.54893,1.54945,2.93,2.25
2011.12.21 03:26:16.184,1.54896,1.54945,1.50,2.25
2011.12.21 03:26:16.256,1.54903,1.54949,1.50,1.13
2011.12.21 03:26:16.861,1.54903,1.54956,2.25,1.13
2011.12.21 03:26:17.983,1.54903,1.54956,2.25,1.13
2011.12.21 03:26:19.671,1.54905,1.54957,2.55,2.63
2011.12.21 03:26:19.743,1.54906,1.54957,1.13,2.63
2011.12.21 03:26:19.994,1.54909,1.54957,1.13,2.25
2011.12.21 03:26:22.122,1.54909,1.54957,1.13,3.68
2011.12.21 03:26:23.223,1.54909,1.54957,1.13,3.68
2011.12.21 03:26:23.704,1.54909,1.54957,1.13,3.68
2011.12.21 03:26:27.547,1.54903,1.54956,2.25,1.13
2011.12.21 03:26:27.672,1.54903,1.54952,1.50,1.13
2011.12.21 03:26:29.146,1.54903,1.54953,1.88,1.13
2011.12.21 03:26:29.212,1.54903,1.54953,1.88,1.13
2011.12.21 03:26:29.462,1.54905,1.54957,1.13,2.25
2011.12.21 03:26:33.682,1.54903,1.54955,2.25,1.13
2011.12.21 03:26:33.872,1.54903,1.54953,1.50,1.13
2011.12.21 03:26:36.896,1.54903,1.54953,1.88,2.55
2011.12.21 03:26:37.024,1.54911,1.54953,1.50,1.13
2011.12.21 03:26:39.982,1.54911,1.54956,1.50,1.13
2011.12.21 03:26:40.056,1.54904,1.54956,2.25,2.63
2011.12.21 03:26:40.122,1.54904,1.54952,1.50,1.13
2011.12.21 03:26:40.192,1.54904,1.54952,1.50,1.13
2011.12.21 03:26:42.225,1.54904,1.54953,1.50,2.55
2011.12.21 03:26:42.299,1.54904,1.54953,2.25,1.80
2011.12.21 03:26:42.423,1.54906,1.54956,1.50,1.88
2011.12.21 03:26:42.614,1.5491,1.54956,2.18,1.50
2011.12.21 03:26:42.805,1.54918,1.54972,2.25,2.63
2011.12.21 03:26:42.934,1.54918,1.54972,2.25,3.68
2011.12.21 03:26:43.005,1.54914,1.54961,1.50,1.13
2011.12.21 03:26:43.728,1.54914,1.54961,1.50,1.13
2011.12.21 03:26:44.862,1.54914,1.54961,1.50,1.13
2011.12.21 03:26:45.173,1.54914,1.54966,1.50,2.63
2011.12.21 03:26:47.397,1.54914,1.54963,1.50,2.18
2011.12.21 03:26:47.466,1.54902,1.54953,2.63,1.13
2011.12.21 03:26:48.279,1.54902,1.54953,2.25,1.13
2011.12.21 03:26:48.493,1.54902,1.54953,2.25,1.13
2011.12.21 03:26:48.666,1.54902,1.54952,2.25,1.13
2011.12.21 03:26:49.058,1.54902,1.54953,3.00,1.13
2011.12.21 03:26:49.182,1.54902,1.54953,2.25,1.13
2011.12.21 03:26:49.782,1.54902,1.54952,2.25,1.13
2011.12.21 03:26:52.312,1.54902,1.54952,2.25,1.13
2011.12.21 03:26:52.444,1.54902,1.54952,2.25,1.13
2011.12.21 03:26:52.961,1.54902,1.54953,2.25,1.13
2011.12.21 03:26:56.663,1.54903,1.54953,1.13,1.13
2011.12.21 03:26:56.975,1.54911,1.5496,1.50,1.13
2011.12.21 03:26:58.527,1.54911,1.54953,1.50,1.13
2011.12.21 03:26:58.794,1.54902,1.54952,1.50,1.13
2011.12.21 03:26:59.948,1.54902,1.54952,1.88,1.13
2011.12.21 03:27:00.016,1.54905,1.54953,1.13,2.18
2011.12.21 03:27:00.703,1.54909,1.5496,1.50,1.13
2011.12.21 03:27:00.895,1.54913,1.5496,1.50,1.13
2011.12.21 03:27:00.966,1.54913,1.5496,1.50,1.13
2011.12.21 03:27:01.215,1.54913,1.54961,1.50,1.13
2011.12.21 03:27:08.833,1.54913,1.54961,1.50,1.13
2011.12.21 03:27:09.371,1.54913,1.5496,1.50,1.13
2011.12.21 03:27:17.329,1.54913,1.54961,1.50,1.13
2011.12.21 03:27:18.388,1.54913,1.5496,1.50,1.13
2011.12.21 03:27:19.853,1.54909,1.54961,1.50,2.63
2011.12.21 03:27:20.154,1.54909,1.5496,1.50,1.13
2011.12.21 03:27:20.404,1.54903,1.54956,1.50,2.55
2011.12.21 03:27:22.683,1.54907,1.54956,1.13,2.55
2011.12.21 03:27:22.994,1.54903,1.54956,1.88,2.55
2011.12.21 03:27:23.216,1.54912,1.54962,1.50,2.18
2011.12.21 03:27:23.614,1.54912,1.54963,1.50,1.13
2011.12.21 03:27:24.141,1.54912,1.54963,1.65,2.55
2011.12.21 03:27:24.850,1.54908,1.54956,2.16,2.18
2011.12.21 03:27:30.502,1.54908,1.54959,2.16,2.25
2011.12.21 03:27:30.695,1.54908,1.54959,2.39,2.25
2011.12.21 03:27:31.321,1.54908,1.54957,1.28,2.18
2011.12.21 03:27:31.557,1.54908,1.54959,1.28,2.25
2011.12.21 03:27:31.746,1.5491,1.54959,1.65,2.25
2011.12.21 03:27:33.064,1.54912,1.54961,2.78,1.13
2011.12.21 03:27:35.215,1.54912,1.5496,2.78,1.13
2011.12.21 03:27:35.281,1.54912,1.5496,2.78,1.13
2011.12.21 03:27:35.463,1.54912,1.54961,2.78,1.13
2011.12.21 03:27:36.770,1.54917,1.5496,1.65,1.13
2011.12.21 03:27:36.894,1.54916,1.54964,1.65,3.00
2011.12.21 03:27:37.258,1.54919,1.54967,1.13,2.25
2011.12.21 03:27:37.904,1.5492,1.54967,1.50,2.40
2011.12.21 03:27:38.195,1.54919,1.54967,1.13,2.25
2011.12.21 03:27:38.263,1.54916,1.54967,3.45,2.63
2011.12.21 03:27:39.584,1.54918,1.54967,1.13,3.68
2011.12.21 03:27:40.135,1.54918,1.54967,1.13,3.68
2011.12.21 03:27:42.204,1.54918,1.54967,1.28,3.68
2011.12.21 03:27:42.372,1.5492,1.54967,1.51,2.40
2011.12.21 03:27:42.683,1.5492,1.54967,1.13,2.40
2011.12.21 03:27:42.813,1.5492,1.54967,1.51,2.40
2011.12.21 03:27:43.172,1.5492,1.54967,1.13,2.40
2011.12.21 03:27:43.244,1.54919,1.54967,1.13,2.25
2011.12.21 03:27:43.463,1.54919,1.54965,1.13,2.18
2011.12.21 03:27:43.592,1.54919,1.54967,1.13,2.25
2011.12.21 03:27:43.902,1.54912,1.54961,1.28,2.63
2011.12.21 03:27:44.394,1.54912,1.54961,1.28,1.88
2011.12.21 03:27:44.642,1.54915,1.54961,1.28,2.63
2011.12.21 03:27:46.301,1.54916,1.54961,1.28,2.63
2011.12.21 03:27:47.928,1.54916,1.54961,1.28,2.25
2011.12.21 03:27:49.260,1.54916,1.54961,1.28,2.25
2011.12.21 03:27:54.424,1.54913,1.54961,1.28,2.25
2011.12.21 03:27:56.172,1.54914,1.54961,1.28,2.25
2011.12.21 03:27:56.714,1.54914,1.54961,1.28,2.25
2011.12.21 03:28:03.391,1.54914,1.54961,1.28,2.25
2011.12.21 03:28:03.960,1.54914,1.54961,1.28,2.25
2011.12.21 03:28:11.382,1.5491,1.54961,1.50,2.25
2011.12.21 03:28:11.452,1.54909,1.54961,2.25,2.25
2011.12.21 03:28:12.327,1.54909,1.54961,2.25,2.25
2011.12.21 03:28:13.272,1.54909,1.54961,2.25,2.25
2011.12.21 03:28:14.381,1.54909,1.54961,2.25,2.25
2011.12.21 03:28:15.261,1.54909,1.54961,2.25,2.25
2011.12.21 03:28:16.180,1.54909,1.54961,2.25,2.25
2011.12.21 03:28:18.596,1.54909,1.54961,2.25,2.25
2011.12.21 03:28:20.061,1.54909,1.54961,1.50,2.25
2011.12.21 03:28:20.192,1.54907,1.54953,1.13,2.25
2011.12.21 03:28:20.472,1.54907,1.54953,1.13,2.25
2011.12.21 03:28:21.077,1.54907,1.54953,1.13,2.25
2011.12.21 03:28:21.549,1.5491,1.54953,1.13,2.25
2011.12.21 03:28:27.742,1.54905,1.54953,2.18,2.25
2011.12.21 03:28:27.933,1.54905,1.54947,1.50,1.50
2011.12.21 03:28:28.512,1.54905,1.54947,2.18,1.50
2011.12.21 03:28:29.346,1.54902,1.54947,1.13,1.50
2011.12.21 03:28:31.373,1.54897,1.54947,1.88,1.50
2011.12.21 03:28:31.683,1.54901,1.54947,1.50,2.25
2011.12.21 03:28:35.356,1.54902,1.54947,1.13,2.25
2011.12.21 03:28:35.673,1.54903,1.54947,1.13,2.25
2011.12.21 03:28:36.451,1.54903,1.54947,1.13,2.25
2011.12.21 03:28:36.834,1.54901,1.54946,2.18,1.05
2011.12.21 03:28:36.964,1.54895,1.54947,2.63,3.23
2011.12.21 03:28:37.592,1.54895,1.54946,2.63,1.35
2011.12.21 03:28:37.843,1.54891,1.54936,1.43,2.25
2011.12.21 03:28:39.070,1.54887,1.54936,1.13,2.25
2011.12.21 03:28:44.981,1.54887,1.54936,1.13,2.25
2011.12.21 03:28:45.374,1.54887,1.54936,1.13,2.25
2011.12.21 03:28:45.955,1.54887,1.54936,1.13,2.25
2011.12.21 03:28:47.364,1.54883,1.54935,1.50,2.55
2011.12.21 03:28:47.434,1.54882,1.54935,2.25,2.55
2011.12.21 03:28:48.222,1.54881,1.54929,1.50,2.25
2011.12.21 03:28:52.456,1.54882,1.54924,1.50,1.50
2011.12.21 03:29:06.084,1.54881,1.54924,1.50,2.25
2011.12.21 03:29:07.559,1.54882,1.54924,1.50,1.50
2011.12.21 03:29:07.955,1.54887,1.54924,1.13,1.50
2011.12.21 03:29:08.087,1.5489,1.54935,1.50,1.43
2011.12.21 03:29:08.476,1.54887,1.54933,1.13,2.25
2011.12.21 03:29:08.993,1.54887,1.54933,1.13,2.25
2011.12.21 03:29:13.944,1.54887,1.54933,1.13,2.25
2011.12.21 03:29:15.124,1.54885,1.54933,1.13,2.25
2011.12.21 03:29:15.195,1.54885,1.54933,1.13,2.25
2011.12.21 03:29:15.463,1.54885,1.54933,1.13,2.25
2011.12.21 03:29:15.533,1.54885,1.54933,1.13,2.25
2011.12.21 03:29:16.465,1.54885,1.54927,1.13,1.50
2011.12.21 03:29:16.713,1.54885,1.54927,1.13,2.25
2011.12.21 03:29:27.787,1.54885,1.54927,1.13,2.25
2011.12.21 03:29:33.633,1.54878,1.54927,1.50,2.25
2011.12.21 03:29:36.881,1.54878,1.54927,1.50,1.50
2011.12.21 03:29:37.915,1.54877,1.54927,1.50,2.25
2011.12.21 03:30:01.453,1.54878,1.54927,1.13,2.25
2011.12.21 03:30:01.703,1.5488,1.54927,1.50,2.25
2011.12.21 03:30:07.506,1.54881,1.54927,1.50,1.50
2011.12.21 03:30:16.343,1.54882,1.54934,1.50,1.13
2011.12.21 03:30:17.736,1.54882,1.54923,1.50,1.50
2011.12.21 03:30:17.983,1.54874,1.54923,1.50,1.50
2011.12.21 03:30:18.233,1.54874,1.54923,2.93,1.50
2011.12.21 03:30:18.771,1.54877,1.54927,1.50,1.88
2011.12.21 03:30:21.695,1.54877,1.54926,1.50,1.13
2011.12.21 03:30:26.208,1.54875,1.54926,2.25,1.13
2011.12.21 03:30:26.393,1.54875,1.54927,2.25,1.88
2011.12.21 03:30:30.122,1.54875,1.54927,2.25,1.95
2011.12.21 03:30:35.345,1.54872,1.54922,1.50,1.58
2011.12.21 03:30:35.905,1.54872,1.54916,1.50,1.50
2011.12.21 03:30:36.663,1.54872,1.54916,1.50,1.50
2011.12.21 03:30:47.543,1.54872,1.54916,1.50,2.25
2011.12.21 03:30:47.983,1.54866,1.54916,1.50,2.25
2011.12.21 03:30:50.144,1.54864,1.54916,2.25,2.25
2011.12.21 03:30:50.823,1.54864,1.54916,2.25,2.25
2011.12.21 03:30:53.103,1.54864,1.54916,2.25,2.25
2011.12.21 03:30:53.234,1.54866,1.54916,1.50,2.25
2011.12.21 03:30:54.254,1.54864,1.54916,2.25,2.25
2011.12.21 03:30:54.945,1.54864,1.54916,2.25,2.25
2011.12.21 03:30:55.532,1.54861,1.54907,1.50,2.25
2011.12.21 03:30:55.602,1.5486,1.54907,2.18,2.25
2011.12.21 03:30:57.405,1.5486,1.54911,1.50,2.18
2011.12.21 03:31:01.703,1.5486,1.54911,2.25,2.55
2011.12.21 03:31:15.885,1.5486,1.54911,1.50,2.18
2011.12.21 03:31:31.905,1.5486,1.54907,1.50,1.35
2011.12.21 03:31:36.923,1.54856,1.54907,1.50,2.63
2011.12.21 03:31:36.994,1.54855,1.54907,3.68,2.63
2011.12.21 03:31:37.064,1.54855,1.54904,1.50,1.13
2011.12.21 03:31:37.133,1.54849,1.54903,2.25,2.40
2011.12.21 03:31:37.203,1.54849,1.54903,2.25,2.40
2011.12.21 03:31:37.568,1.54849,1.54903,2.25,2.25
2011.12.21 03:31:38.094,1.5485,1.54903,1.50,2.25
2011.12.21 03:31:38.223,1.54851,1.54903,1.50,2.25
2011.12.21 03:31:52.384,1.54851,1.54903,1.50,2.25
2011.12.21 03:32:00.323,1.54855,1.54905,1.50,2.55
2011.12.21 03:32:00.393,1.54855,1.54905,2.25,2.55
2011.12.21 03:32:00.643,1.54855,1.54907,3.00,2.25
2011.12.21 03:32:01.193,1.5486,1.54908,2.25,1.13
2011.12.21 03:32:01.504,1.5487,1.54914,1.50,2.25
2011.12.21 03:32:02.744,1.54872,1.54919,1.13,1.50
2011.12.21 03:32:02.873,1.54872,1.54919,1.88,1.50
2011.12.21 03:32:03.210,1.54872,1.54919,1.88,2.25
2011.12.21 03:32:04.752,1.54872,1.54919,1.88,2.25
2011.12.21 03:32:04.877,1.54876,1.54919,1.50,2.25
2011.12.21 03:32:20.724,1.54876,1.54919,1.13,1.50
2011.12.21 03:32:20.797,1.54878,1.54925,1.50,2.18
2011.12.21 03:32:22.338,1.54878,1.54927,1.50,1.50
2011.12.21 03:32:23.924,1.54879,1.54927,1.50,1.50
2011.12.21 03:32:23.996,1.54882,1.54931,1.13,1.50
2011.12.21 03:32:24.125,1.54888,1.54931,1.50,1.13
2011.12.21 03:32:24.256,1.54888,1.5494,2.25,4.05
2011.12.21 03:32:24.780,1.54888,1.54939,2.25,1.13
2011.12.21 03:32:26.262,1.54888,1.5494,1.50,2.63
2011.12.21 03:32:26.575,1.54879,1.54924,1.65,2.25
2011.12.21 03:32:27.224,1.54881,1.54928,2.25,1.13
2011.12.21 03:32:27.484,1.54881,1.54925,2.25,1.05
2011.12.21 03:32:27.977,1.54882,1.54925,1.50,1.05
2011.12.21 03:32:28.608,1.54885,1.54929,1.50,1.13
2011.12.21 03:32:29.177,1.54886,1.54929,1.50,1.13
2011.12.21 03:32:30.274,1.54885,1.54934,1.50,1.13
2011.12.21 03:32:36.665,1.54885,1.54934,1.50,1.13
2011.12.21 03:32:36.797,1.54885,1.54935,1.13,2.55
2011.12.21 03:32:36.867,1.54887,1.54934,1.13,1.05
2011.12.21 03:32:36.996,1.54881,1.54932,4.05,1.13
2011.12.21 03:32:37.066,1.54881,1.54929,1.13,2.18
2011.12.21 03:32:37.139,1.54877,1.54925,2.25,2.33
2011.12.21 03:32:37.205,1.54878,1.54923,1.50,1.20
2011.12.21 03:32:37.852,1.54879,1.54923,1.50,1.20
2011.12.21 03:32:38.615,1.54878,1.54923,1.50,1.20
2011.12.21 03:32:39.176,1.54879,1.54923,1.50,1.20
2011.12.21 03:32:39.246,1.54877,1.54922,1.50,1.20
2011.12.21 03:32:39.318,1.54875,1.54918,1.13,2.25
2011.12.21 03:32:40.015,1.54866,1.54918,2.25,1.50
2011.12.21 03:32:40.813,1.54871,1.54923,2.25,2.40
2011.12.21 03:32:41.123,1.54876,1.54923,1.50,1.95
2011.12.21 03:32:41.317,1.54876,1.5493,2.25,3.68
2011.12.21 03:32:41.688,1.54876,1.54929,2.33,2.55
2011.12.21 03:32:42.433,1.54878,1.54929,1.20,1.80
2011.12.21 03:32:42.743,1.54881,1.5493,1.58,2.25
2011.12.21 03:32:43.385,1.5488,1.54929,1.58,1.43
2011.12.21 03:32:43.752,1.5488,1.5493,1.58,2.25
2011.12.21 03:32:44.925,1.5488,1.54929,1.58,1.80
2011.12.21 03:32:45.173,1.54882,1.5493,1.58,1.50
2011.12.21 03:32:45.953,1.54881,1.5493,1.58,2.25
2011.12.21 03:32:46.523,1.54881,1.54929,1.58,1.80
2011.12.21 03:32:46.713,1.54881,1.54929,1.58,1.13
2011.12.21 03:32:47.252,1.54876,1.54929,3.08,1.80
2011.12.21 03:32:47.315,1.54876,1.54929,3.08,2.55
2011.12.21 03:32:47.645,1.54876,1.54929,3.08,1.80
2011.12.21 03:32:47.741,1.54876,1.54929,3.08,2.55
2011.12.21 03:32:47.868,1.54876,1.54929,3.08,2.55
2011.12.21 03:32:48.119,1.54877,1.54929,1.58,2.55
2011.12.21 03:32:49.853,1.54877,1.54928,1.58,1.13
2011.12.21 03:32:49.949,1.54877,1.54929,1.58,2.55
2011.12.21 03:32:50.498,1.54876,1.54929,3.08,2.55
2011.12.21 03:32:50.753,1.54877,1.5493,1.20,1.88
2011.12.21 03:32:50.995,1.54882,1.5493,1.58,1.50
2011.12.21 03:32:51.393,1.54881,1.5493,1.58,1.50
2011.12.21 03:32:52.546,1.54884,1.5493,1.58,1.50
2011.12.21 03:32:52.753,1.54882,1.5493,1.58,1.50
2011.12.21 03:32:52.823,1.5488,1.5493,1.21,2.25
2011.12.21 03:32:53.685,1.54881,1.5493,1.58,1.50
2011.12.21 03:32:54.116,1.54883,1.5493,1.58,1.50
2011.12.21 03:32:54.433,1.54888,1.5493,1.13,1.50
2011.12.21 03:32:54.865,1.54878,1.54926,1.58,1.05
2011.12.21 03:32:55.655,1.54882,1.54928,1.58,1.13
2011.12.21 03:32:55.723,1.54882,1.54928,1.58,1.13
2011.12.21 03:32:56.423,1.54881,1.54928,1.58,1.13
2011.12.21 03:32:56.495,1.54881,1.54929,1.58,1.13
2011.12.21 03:32:57.376,1.54882,1.54929,1.58,1.13
2011.12.21 03:33:01.488,1.54878,1.54928,1.58,1.13
2011.12.21 03:33:02.154,1.54876,1.54928,3.46,1.13
2011.12.21 03:33:03.425,1.54877,1.54929,1.95,1.13
2011.12.21 03:33:07.977,1.54873,1.54925,1.70,2.25
2011.12.21 03:33:08.107,1.54881,1.54925,1.50,2.25
2011.12.21 03:33:08.179,1.54877,1.54925,1.88,2.25
2011.12.21 03:33:08.933,1.54881,1.54925,1.50,2.25
2011.12.21 03:33:09.151,1.54877,1.54925,1.88,2.25
2011.12.21 03:33:09.424,1.54881,1.54925,1.50,2.25
2011.12.21 03:33:12.376,1.5488,1.54925,1.50,1.50
2011.12.21 03:33:13.376,1.5488,1.54925,1.50,2.25
2011.12.21 03:33:14.905,1.54877,1.54925,1.88,2.25
2011.12.21 03:33:15.464,1.5488,1.54925,1.50,2.25
2011.12.21 03:33:19.945,1.54877,1.54925,1.88,2.25
2011.12.21 03:33:25.021,1.5487,1.54906,1.13,1.50
2011.12.21 03:33:25.464,1.54857,1.54906,1.50,1.50
2011.12.21 03:33:30.030,1.54867,1.54906,1.73,1.50
2011.12.21 03:33:34.210,1.54867,1.54906,1.73,1.50
2011.12.21 03:33:34.484,1.54865,1.54906,1.35,2.25
2011.12.21 03:33:34.896,1.54864,1.54906,1.73,3.30
2011.12.21 03:33:35.123,1.54867,1.54906,1.35,1.88
2011.12.21 03:33:36.102,1.54867,1.54906,1.35,1.88
2011.12.21 03:33:37.794,1.54866,1.54906,1.73,1.88
2011.12.21 03:33:39.113,1.54866,1.54906,1.73,1.88
2011.12.21 03:33:39.662,1.54861,1.54906,1.65,1.88
2011.12.21 03:33:40.320,1.5486,1.54906,1.65,1.88
2011.12.21 03:33:40.824,1.54859,1.54909,3.15,1.50
2011.12.21 03:33:41.153,1.54867,1.54911,1.50,1.65
2011.12.21 03:33:41.386,1.54868,1.54911,1.13,2.55
2011.12.21 03:33:41.539,1.54866,1.54911,1.50,2.40
2011.12.21 03:33:43.274,1.54866,1.54911,1.50,3.83
2011.12.21 03:33:44.500,1.54869,1.54911,1.13,2.93
2011.12.21 03:33:44.565,1.54874,1.54918,2.25,1.13
2011.12.21 03:33:44.952,1.54874,1.54918,1.50,1.13
2011.12.21 03:33:45.252,1.54862,1.54911,1.65,1.80
2011.12.21 03:33:50.932,1.54872,1.5491,1.50,1.43
2011.12.21 03:33:51.205,1.54866,1.5491,1.50,2.18
2011.12.21 03:33:59.439,1.54867,1.5491,1.65,2.55
2011.12.21 03:34:00.223,1.54866,1.5491,2.03,1.43
2011.12.21 03:34:00.532,1.54872,1.54912,1.50,1.50
2011.12.21 03:34:03.201,1.54872,1.54912,1.50,1.50
2011.12.21 03:34:03.394,1.54871,1.54912,1.50,1.50
2011.12.21 03:34:04.984,1.54872,1.54912,1.50,1.50
2011.12.21 03:34:05.634,1.54871,1.54912,1.50,1.50
2011.12.21 03:34:05.943,1.54871,1.54915,1.50,1.13
2011.12.21 03:34:06.474,1.54868,1.54915,1.28,1.13
2011.12.21 03:34:06.874,1.54871,1.54916,1.50,2.55
2011.12.21 03:34:09.232,1.54868,1.54916,1.28,1.13
2011.12.21 03:34:12.891,1.54868,1.54915,1.28,2.55
2011.12.21 03:34:14.502,1.54863,1.54908,1.28,1.13
2011.12.21 03:34:14.742,1.54859,1.54906,2.73,1.80
2011.12.21 03:34:16.068,1.54861,1.54911,1.65,2.25
2011.12.21 03:34:16.432,1.54863,1.5491,1.65,1.13
2011.12.21 03:34:19.252,1.54865,1.54911,1.65,4.05
2011.12.21 03:34:30.381,1.54862,1.54911,1.28,4.05
2011.12.21 03:34:30.625,1.54863,1.5491,1.65,1.13
2011.12.21 03:34:30.754,1.54862,1.5491,1.28,1.13
2011.12.21 03:34:31.372,1.54861,1.5491,1.28,1.13
2011.12.21 03:34:31.622,1.54859,1.54903,1.50,1.13
2011.12.21 03:34:31.746,1.54859,1.54903,1.50,2.55
2011.12.21 03:34:31.819,1.5485,1.54897,1.13,2.25
2011.12.21 03:34:31.889,1.54851,1.54897,1.50,2.25
2011.12.21 03:34:32.021,1.54848,1.54897,1.58,1.50
2011.12.21 03:34:32.387,1.54853,1.54903,1.50,1.65
2011.12.21 03:34:32.896,1.54859,1.54903,1.50,1.65
2011.12.21 03:34:33.035,1.54859,1.54907,1.50,1.05
2011.12.21 03:34:33.880,1.54859,1.54909,1.50,1.43
2011.12.21 03:34:34.063,1.54859,1.54908,1.50,1.13
2011.12.21 03:34:34.192,1.54859,1.5491,1.50,1.13
2011.12.21 03:34:34.391,1.54859,1.5491,1.50,1.13
2011.12.21 03:34:34.697,1.54859,1.5491,1.50,1.13
2011.12.21 03:34:35.274,1.54859,1.54911,1.50,4.05
2011.12.21 03:34:36.939,1.54859,1.5491,1.88,1.13
2011.12.21 03:34:37.012,1.54861,1.54911,1.13,1.88
2011.12.21 03:34:37.137,1.54862,1.54911,1.13,1.50
2011.12.21 03:34:37.444,1.54862,1.54911,1.13,3.68
2011.12.21 03:34:37.935,1.54862,1.54911,1.13,3.68
2011.12.21 03:34:38.494,1.54862,1.54911,1.51,3.68
2011.12.21 03:34:45.544,1.54862,1.54906,1.13,2.25
2011.12.21 03:34:48.493,1.54862,1.54906,1.13,2.25
2011.12.21 03:34:51.274,1.54862,1.54906,1.13,2.25
2011.12.21 03:34:52.107,1.54862,1.54906,1.13,2.25
2011.12.21 03:34:54.725,1.54854,1.54904,1.50,2.18
2011.12.21 03:34:58.934,1.54854,1.54903,1.50,1.13
2011.12.21 03:34:59.005,1.54854,1.54903,2.25,1.13
2011.12.21 03:34:59.077,1.54854,1.54903,1.50,1.13
2011.12.21 03:34:59.655,1.54854,1.54906,2.25,2.55
2011.12.21 03:34:59.947,1.54855,1.54906,1.50,2.55
2011.12.21 03:35:00.300,1.54855,1.54906,1.50,1.65
2011.12.21 03:35:01.455,1.54855,1.54906,1.50,2.40
2011.12.21 03:35:02.934,1.54859,1.54909,2.63,1.95
2011.12.21 03:35:03.005,1.54863,1.54909,1.50,1.58
2011.12.21 03:35:03.075,1.54862,1.54909,1.50,2.18
2011.12.21 03:35:03.686,1.54859,1.5491,2.63,1.13
2011.12.21 03:35:04.195,1.54859,1.54899,1.50,1.05
2011.12.21 03:35:04.266,1.54856,1.54899,1.43,1.05
2011.12.21 03:35:04.456,1.54855,1.54903,1.50,2.85
2011.12.21 03:35:10.242,1.54855,1.54907,1.50,3.68
2011.12.21 03:35:11.717,1.54855,1.54907,1.50,3.68
2011.12.21 03:35:13.183,1.54862,1.54907,1.13,3.30
2011.12.21 03:35:13.317,1.54866,1.5492,2.25,2.18
2011.12.21 03:35:13.387,1.54866,1.5492,2.25,1.88
2011.12.21 03:35:13.454,1.54866,1.5492,2.40,1.88
2011.12.21 03:35:13.766,1.54861,1.54904,3.65,1.13
2011.12.21 03:35:14.393,1.54861,1.54911,3.54,2.55
2011.12.21 03:35:15.055,1.54861,1.54909,2.79,2.25
2011.12.21 03:35:15.861,1.54861,1.54908,2.42,1.50
2011.12.21 03:35:16.373,1.54861,1.54908,2.42,1.50
2011.12.21 03:35:18.293,1.54866,1.54911,1.65,2.18
2011.12.21 03:35:19.241,1.54866,1.54913,1.65,2.55
2011.12.21 03:35:19.694,1.54867,1.54921,2.78,4.05
2011.12.21 03:35:20.183,1.54872,1.54921,1.13,4.05
2011.12.21 03:35:20.735,1.54872,1.54915,1.13,1.13
2011.12.21 03:35:20.924,1.54867,1.54912,2.40,1.13
2011.12.21 03:35:25.963,1.54865,1.54912,1.28,1.13
2011.12.21 03:35:27.504,1.54868,1.54913,2.40,1.13
2011.12.21 03:35:27.573,1.54868,1.54918,2.78,1.13
2011.12.21 03:35:28.193,1.54873,1.54917,1.13,1.13
2011.12.21 03:35:30.424,1.54866,1.54912,2.03,1.13
2011.12.21 03:35:33.314,1.54866,1.54912,1.65,1.13
2011.12.21 03:35:41.385,1.54869,1.54914,1.65,2.55
2011.12.21 03:35:46.394,1.54871,1.54915,2.03,1.13
2011.12.21 03:35:54.767,1.54871,1.5492,1.65,1.13
2011.12.21 03:35:59.153,1.54868,1.54913,1.13,1.80
2011.12.21 03:36:00.079,1.54868,1.54913,2.00,1.80
2011.12.21 03:36:01.676,1.54868,1.54912,1.25,1.13
2011.12.21 03:36:02.236,1.54868,1.54913,1.80,1.80
2011.12.21 03:36:02.452,1.54869,1.54916,1.65,1.13
2011.12.21 03:36:10.631,1.54871,1.5492,1.50,1.13
2011.12.21 03:36:10.693,1.54868,1.54921,1.50,4.05
2011.12.21 03:36:10.853,1.54868,1.54921,1.58,4.05
2011.12.21 03:36:11.651,1.54868,1.54913,1.58,1.43
2011.12.21 03:36:11.993,1.54867,1.54913,1.58,2.55
2011.12.21 03:36:18.014,1.54872,1.54918,1.20,1.50
2011.12.21 03:36:18.086,1.54876,1.54921,1.50,2.85
2011.12.21 03:36:18.336,1.54875,1.54923,3.00,1.35
2011.12.21 03:36:18.584,1.54883,1.54929,1.50,1.13
2011.12.21 03:36:19.283,1.54883,1.54929,2.25,1.13
2011.12.21 03:36:20.189,1.54886,1.54929,1.50,1.13
2011.12.21 03:36:20.812,1.54886,1.54929,1.50,1.13
2011.12.21 03:36:21.368,1.54886,1.54929,1.50,1.13
2011.12.21 03:36:21.434,1.54883,1.54929,2.25,1.13
2011.12.21 03:36:21.670,1.54886,1.54929,1.50,1.13
2011.12.21 03:36:22.094,1.54881,1.54928,1.50,2.25
2011.12.21 03:36:22.285,1.54877,1.54926,1.50,2.18
2011.12.21 03:36:24.324,1.54877,1.54924,1.88,2.25
2011.12.21 03:36:24.960,1.54878,1.54924,1.65,2.25
2011.12.21 03:36:28.694,1.54877,1.54924,1.58,2.25
2011.12.21 03:36:30.502,1.54878,1.54924,1.20,2.25
2011.12.21 03:36:30.939,1.54878,1.54924,1.20,2.25
2011.12.21 03:36:36.519,1.54878,1.54924,1.20,2.25
2011.12.21 03:36:37.600,1.54878,1.54924,1.20,2.25
2011.12.21 03:36:38.635,1.54878,1.54924,1.13,2.25
2011.12.21 03:36:40.011,1.54878,1.54924,1.13,2.25
2011.12.21 03:36:41.633,1.54878,1.54924,1.13,2.25
2011.12.21 03:36:42.256,1.54871,1.54917,1.50,2.25
2011.12.21 03:36:42.383,1.54865,1.54917,3.00,2.25
2011.12.21 03:36:42.942,1.54865,1.54917,3.00,2.25
2011.12.21 03:36:44.646,1.54866,1.54917,1.50,2.25
2011.12.21 03:36:46.786,1.54872,1.54921,1.50,1.05
2011.12.21 03:36:49.422,1.54872,1.54922,1.50,1.35
2011.12.21 03:36:49.753,1.54872,1.54921,1.50,1.05
2011.12.21 03:36:57.629,1.54881,1.54929,2.25,1.13
2011.12.21 03:36:57.755,1.54881,1.54933,2.25,2.63
2011.12.21 03:37:05.689,1.54881,1.54933,3.00,1.88
2011.12.21 03:37:05.870,1.54881,1.54933,3.00,2.63
2011.12.21 03:37:06.176,1.54881,1.54933,3.00,1.88
2011.12.21 03:37:06.537,1.54885,1.54933,1.13,1.88
2011.12.21 03:37:06.606,1.54885,1.54933,1.13,1.88
2011.12.21 03:37:08.706,1.54889,1.54939,1.50,1.50
2011.12.21 03:37:08.777,1.54887,1.54939,1.50,1.50
2011.12.21 03:37:08.968,1.54891,1.54945,2.25,1.50
2011.12.21 03:37:09.276,1.54902,1.54945,1.50,2.25
2011.12.21 03:37:09.407,1.54901,1.54945,1.13,1.50
2011.12.21 03:37:09.954,1.54901,1.54945,1.13,2.25
2011.12.21 03:37:14.078,1.54901,1.54945,1.13,2.25
2011.12.21 03:37:22.853,1.54892,1.54938,1.13,2.25
2011.12.21 03:37:23.419,1.54889,1.54938,1.50,2.25
2011.12.21 03:37:37.597,1.54888,1.54938,1.88,1.50
2011.12.21 03:38:08.128,1.54891,1.54936,1.50,1.43
2011.12.21 03:38:08.194,1.54891,1.54936,1.50,2.18
2011.12.21 03:38:08.266,1.54891,1.54934,1.50,1.05
2011.12.21 03:38:10.423,1.5489,1.54934,1.50,1.20
2011.12.21 03:38:10.973,1.54888,1.54931,1.13,1.05
2011.12.21 03:38:11.554,1.54888,1.54931,1.13,1.05
2011.12.21 03:38:13.755,1.5489,1.54934,1.50,1.20
2011.12.21 03:38:17.185,1.54889,1.54934,1.50,1.20
2011.12.21 03:38:19.184,1.54888,1.54934,1.50,1.20
2011.12.21 03:38:20.118,1.54889,1.54934,1.50,1.20
2011.12.21 03:38:21.475,1.54888,1.54934,1.50,1.20
2011.12.21 03:38:28.783,1.54889,1.54934,1.50,1.20
2011.12.21 03:38:31.756,1.54888,1.54934,1.50,1.20
2011.12.21 03:38:32.064,1.54889,1.54939,1.50,1.73
2011.12.21 03:38:32.198,1.54888,1.54934,1.50,1.20
2011.12.21 03:38:32.635,1.54888,1.54938,1.50,1.73
2011.12.21 03:38:33.234,1.54892,1.5494,1.13,1.73
2011.12.21 03:38:33.304,1.54896,1.5494,1.50,1.80
2011.12.21 03:38:33.843,1.54895,1.54943,1.50,1.13
2011.12.21 03:38:33.962,1.54895,1.54946,1.50,1.05
2011.12.21 03:38:40.993,1.54895,1.54947,1.50,1.05
2011.12.21 03:38:49.904,1.54895,1.54946,1.50,1.05
2011.12.21 03:39:06.568,1.54895,1.54947,1.50,1.05
2011.12.21 03:39:18.530,1.54892,1.54947,1.13,1.05
2011.12.21 03:39:19.181,1.54892,1.54947,1.13,1.05
2011.12.21 03:39:21.292,1.54892,1.54947,1.13,1.05
2011.12.21 03:39:28.410,1.54892,1.54947,1.13,1.05
2011.12.21 03:39:28.981,1.54892,1.54947,1.13,1.05
2011.12.21 03:39:33.473,1.54895,1.54947,1.50,1.05
2011.12.21 03:39:33.604,1.54898,1.54947,1.13,2.55
2011.12.21 03:39:34.323,1.54898,1.54946,1.13,1.05
2011.12.21 03:39:35.079,1.54898,1.54947,1.13,2.55
2011.12.21 03:39:35.760,1.54898,1.54946,1.13,1.05
2011.12.21 03:39:36.071,1.54898,1.54947,1.13,2.55
2011.12.21 03:39:36.135,1.54898,1.54947,1.13,2.55
2011.12.21 03:39:36.511,1.54902,1.54948,1.13,1.05
2011.12.21 03:39:36.577,1.54903,1.54954,1.13,2.25
2011.12.21 03:39:36.936,1.54906,1.54958,2.25,2.25
2011.12.21 03:39:57.385,1.54906,1.54958,1.50,2.25
2011.12.21 03:40:03.665,1.54906,1.54957,3.00,1.05
2011.12.21 03:40:05.645,1.54906,1.54956,2.25,1.05
2011.12.21 03:40:05.865,1.54906,1.54956,3.00,1.05
2011.12.21 03:40:07.185,1.54906,1.54956,2.25,1.05
2011.12.21 03:40:31.447,1.54906,1.54958,3.58,2.25
2011.12.21 03:41:07.766,1.54906,1.54959,2.45,1.80
2011.12.21 03:41:08.324,1.54906,1.54959,2.08,1.80
2011.12.21 03:41:19.971,1.54907,1.54959,1.65,2.55
2011.12.21 03:41:55.172,1.54906,1.54958,2.45,1.13
2011.12.21 03:42:04.973,1.54912,1.54958,1.65,1.13
2011.12.21 03:42:05.204,1.54911,1.54959,1.28,2.25
2011.12.21 03:42:05.734,1.54912,1.54959,1.65,2.18
2011.12.21 03:42:05.983,1.54912,1.54963,3.53,1.13
2011.12.21 03:42:06.166,1.54916,1.54966,1.28,2.25
2011.12.21 03:42:06.592,1.54912,1.54966,3.38,2.25
2011.12.21 03:42:06.713,1.54912,1.54966,2.63,2.25
2011.12.21 03:42:07.025,1.54912,1.54959,1.50,1.13
2011.12.21 03:42:07.479,1.54912,1.54959,1.50,1.13
2011.12.21 03:42:07.666,1.54912,1.54958,3.00,1.13
2011.12.21 03:42:07.957,1.54916,1.54959,1.28,1.13
2011.12.21 03:42:08.085,1.5492,1.5497,1.13,2.25
2011.12.21 03:42:08.826,1.5492,1.5497,1.13,2.25
2011.12.21 03:42:09.602,1.5492,1.5497,1.13,2.25
2011.12.21 03:42:09.844,1.54921,1.54965,1.50,2.25
2011.12.21 03:42:09.974,1.54916,1.54965,1.65,2.25
2011.12.21 03:42:10.107,1.54915,1.54965,1.65,2.25
2011.12.21 03:42:14.963,1.54913,1.54965,2.63,2.25
2011.12.21 03:42:15.276,1.54909,1.54953,1.43,1.13
2011.12.21 03:42:15.347,1.54905,1.54953,1.50,1.13
2011.12.21 03:42:18.004,1.54901,1.54952,1.50,2.25
2011.12.21 03:42:20.517,1.54901,1.54943,1.50,1.50
2011.12.21 03:42:21.887,1.54893,1.54943,1.50,2.25
2011.12.21 03:42:23.766,1.54896,1.54945,2.25,1.13
2011.12.21 03:42:24.388,1.54901,1.54954,2.25,1.50
2011.12.21 03:42:24.576,1.54909,1.54954,1.50,1.50
2011.12.21 03:42:24.995,1.54909,1.54953,2.63,1.13
2011.12.21 03:42:25.531,1.54912,1.54961,1.50,2.25
2011.12.21 03:42:26.067,1.54912,1.54961,1.50,2.25
2011.12.21 03:42:26.177,1.54912,1.54961,1.50,2.25
2011.12.21 03:42:27.615,1.54911,1.54961,1.50,2.25
2011.12.21 03:42:27.921,1.54912,1.54961,1.50,2.25
2011.12.21 03:42:28.419,1.54909,1.54957,2.25,2.18
2011.12.21 03:42:30.347,1.54909,1.54957,1.50,2.18
2011.12.21 03:42:30.787,1.54909,1.54957,2.25,2.18
2011.12.21 03:42:30.856,1.54909,1.54957,2.25,1.43
2011.12.21 03:42:31.163,1.54922,1.54971,2.25,2.18
2011.12.21 03:42:32.965,1.54923,1.54971,1.50,2.18
2011.12.21 03:42:33.037,1.54923,1.54974,1.50,2.25
2011.12.21 03:42:33.223,1.54928,1.54974,1.13,2.25
2011.12.21 03:42:33.416,1.54928,1.54974,1.13,2.25
2011.12.21 03:42:34.444,1.54922,1.54974,2.40,2.25
2011.12.21 03:42:34.633,1.5492,1.54968,1.05,2.25
2011.12.21 03:42:35.625,1.54918,1.54968,1.51,2.25
2011.12.21 03:42:35.693,1.54918,1.54968,1.51,2.25
2011.12.21 03:42:36.424,1.54917,1.54963,1.13,2.25
2011.12.21 03:42:36.776,1.54912,1.54957,1.13,2.25
2011.12.21 03:42:37.204,1.54912,1.54957,1.13,2.25
2011.12.21 03:42:37.783,1.54912,1.54957,1.13,2.25
2011.12.21 03:42:37.985,1.54912,1.54957,1.13,2.25
2011.12.21 03:42:38.604,1.54912,1.54957,1.13,2.25
2011.12.21 03:42:39.226,1.54912,1.54957,1.13,2.25
2011.12.21 03:42:40.172,1.54912,1.54962,1.88,2.25
2011.12.21 03:42:40.738,1.54914,1.54966,2.25,3.68
2011.12.21 03:42:40.809,1.54914,1.54966,2.25,3.68
2011.12.21 03:42:40.939,1.54914,1.54966,2.25,3.68
2011.12.21 03:42:41.145,1.54914,1.54966,2.25,3.68
2011.12.21 03:42:41.676,1.54914,1.5496,1.50,2.18
2011.12.21 03:42:42.015,1.54908,1.5496,2.25,2.18
2011.12.21 03:42:42.544,1.54908,1.54955,2.25,2.18
2011.12.21 03:42:43.454,1.54908,1.54955,2.25,2.18
2011.12.21 03:42:43.920,1.54911,1.54955,1.50,2.18
2011.12.21 03:42:45.913,1.54911,1.54962,1.50,3.68
2011.12.21 03:42:46.868,1.54911,1.54962,1.50,3.68
2011.12.21 03:42:46.935,1.54914,1.54962,1.50,3.68
2011.12.21 03:42:47.003,1.54911,1.54962,1.50,3.68
2011.12.21 03:42:47.194,1.54913,1.54962,1.50,3.68
2011.12.21 03:42:47.385,1.5492,1.54966,2.25,1.13
2011.12.21 03:42:47.825,1.5492,1.54969,2.25,1.13
2011.12.21 03:42:48.335,1.54926,1.54974,1.13,1.88
2011.12.21 03:42:48.466,1.54926,1.54974,1.88,1.50
2011.12.21 03:42:48.538,1.54926,1.54974,1.13,2.25
2011.12.21 03:42:48.866,1.54926,1.54971,1.13,1.43
2011.12.21 03:42:49.005,1.54926,1.54974,1.13,2.25
2011.12.21 03:42:49.076,1.54926,1.54974,1.13,2.25
2011.12.21 03:42:49.476,1.54922,1.54974,1.13,2.25
2011.12.21 03:42:49.663,1.54921,1.5497,1.50,2.18
2011.12.21 03:42:49.908,1.5492,1.5497,2.25,2.18
2011.12.21 03:42:50.456,1.54921,1.54974,1.13,2.25
2011.12.21 03:42:50.885,1.5492,1.5497,2.25,2.18
2011.12.21 03:42:51.221,1.54922,1.5497,1.13,2.18
2011.12.21 03:42:51.547,1.54925,1.54971,1.13,2.18
2011.12.21 03:42:51.888,1.54925,1.54971,1.13,2.18
2011.12.21 03:42:52.956,1.54925,1.54974,1.13,2.25
2011.12.21 03:42:54.004,1.5492,1.54974,2.25,2.63
2011.12.21 03:42:54.425,1.5492,1.54971,2.25,2.18
2011.12.21 03:42:55.002,1.54922,1.54974,1.13,2.63
2011.12.21 03:42:55.454,1.5492,1.5497,2.25,2.18
2011.12.21 03:42:55.955,1.54922,1.54974,1.13,2.63
2011.12.21 03:42:56.834,1.5492,1.54974,2.25,2.63
2011.12.21 03:42:56.900,1.54921,1.54974,1.13,2.25
2011.12.21 03:42:57.213,1.5492,1.54971,2.25,2.18
2011.12.21 03:42:57.961,1.5492,1.54971,2.25,2.18
2011.12.21 03:43:06.884,1.5492,1.54971,2.25,2.18
2011.12.21 03:43:06.957,1.54916,1.54956,1.13,1.50
2011.12.21 03:43:07.026,1.54911,1.54956,1.13,1.50
2011.12.21 03:43:07.218,1.5491,1.54952,1.13,2.25
2011.12.21 03:43:07.838,1.5491,1.54955,1.13,2.18
2011.12.21 03:43:08.178,1.5491,1.54955,1.13,2.18
2011.12.21 03:43:14.185,1.5491,1.54955,1.13,2.18
2011.12.21 03:43:14.434,1.54912,1.54961,2.25,1.50
2011.12.21 03:43:14.746,1.5491,1.54955,1.13,2.18
2011.12.21 03:43:16.904,1.54911,1.54955,1.50,2.18
2011.12.21 03:43:17.154,1.54911,1.54962,2.25,2.93
2011.12.21 03:43:17.804,1.54911,1.54963,2.25,1.13
2011.12.21 03:43:18.206,1.54911,1.54961,2.25,1.13
2011.12.21 03:43:18.335,1.54906,1.54956,3.00,2.18
2011.12.21 03:43:18.464,1.54906,1.54956,2.25,2.18
2011.12.21 03:43:18.885,1.54906,1.54956,3.00,2.18
2011.12.21 03:43:19.104,1.54906,1.54956,2.25,2.18
2011.12.21 03:43:29.963,1.54911,1.54958,1.88,1.13
2011.12.21 03:43:30.034,1.54911,1.54958,1.88,1.13
2011.12.21 03:43:30.106,1.54911,1.54962,2.63,2.93
2011.12.21 03:43:30.235,1.54911,1.54962,2.63,2.93
2011.12.21 03:43:30.859,1.54911,1.54963,2.63,1.13
2011.12.21 03:43:31.113,1.54911,1.54956,2.63,1.43
2011.12.21 03:43:31.443,1.54906,1.54956,3.00,2.18
2011.12.21 03:43:32.033,1.54906,1.54959,2.25,1.13
2011.12.21 03:43:33.022,1.54906,1.54959,3.38,1.13
2011.12.21 03:43:33.184,1.54906,1.54958,3.38,1.13
2011.12.21 03:43:34.565,1.54906,1.5496,3.00,1.88
2011.12.21 03:43:34.637,1.54906,1.5496,3.00,2.25
2011.12.21 03:43:34.945,1.54915,1.54967,2.25,2.63
2011.12.21 03:44:07.365,1.54915,1.54962,1.50,1.50
2011.12.21 03:44:07.555,1.54911,1.54958,1.88,1.50
2011.12.21 03:44:07.971,1.54911,1.54958,1.88,2.25
2011.12.21 03:44:08.677,1.54911,1.54958,1.88,1.50
2011.12.21 03:44:08.863,1.54911,1.54956,1.88,1.43
2011.12.21 03:44:09.209,1.54911,1.54956,1.13,2.18
2011.12.21 03:44:09.275,1.54911,1.54956,1.13,1.43
2011.12.21 03:44:09.343,1.54911,1.54958,1.13,1.50
2011.12.21 03:44:09.478,1.54911,1.54958,1.13,2.25
2011.12.21 03:44:09.544,1.54907,1.54956,1.13,2.18
2011.12.21 03:44:09.774,1.54905,1.54956,1.50,2.18
2011.12.21 03:44:10.186,1.54905,1.54956,1.50,1.43
2011.12.21 03:44:10.314,1.54905,1.54958,1.50,2.25
2011.12.21 03:44:10.505,1.54905,1.54958,1.50,2.25
2011.12.21 03:44:11.460,1.54907,1.54956,1.13,1.43
2011.12.21 03:44:11.585,1.54911,1.54956,1.13,1.43
2011.12.21 03:44:11.653,1.54911,1.54958,1.13,2.25
2011.12.21 03:44:11.713,1.54911,1.54958,1.13,2.25
2011.12.21 03:44:12.440,1.54911,1.54955,1.13,1.43
2011.12.21 03:44:12.636,1.54907,1.54958,1.50,2.25
2011.12.21 03:44:12.998,1.54906,1.54955,1.50,2.18
2011.12.21 03:44:13.063,1.54906,1.54955,1.50,2.18
2011.12.21 03:44:13.431,1.54906,1.54955,1.50,1.43
2011.12.21 03:44:13.566,1.54905,1.54958,1.50,1.50
2011.12.21 03:44:13.651,1.54905,1.54958,1.50,2.25
2011.12.21 03:44:14.476,1.54906,1.54956,1.13,1.43
2011.12.21 03:44:14.616,1.5491,1.54958,1.13,1.50
2011.12.21 03:44:14.936,1.5491,1.54956,1.13,2.18
2011.12.21 03:44:15.408,1.5491,1.54956,1.13,1.43
2011.12.21 03:44:15.703,1.54907,1.54958,1.50,2.25
2011.12.21 03:44:15.893,1.54906,1.54955,1.50,2.18
2011.12.21 03:44:16.398,1.54906,1.54955,1.50,1.43
2011.12.21 03:44:16.465,1.54906,1.54958,1.50,2.63
2011.12.21 03:44:16.714,1.54906,1.54958,1.88,2.63
2011.12.21 03:44:17.446,1.54906,1.54955,1.50,1.43
2011.12.21 03:44:17.575,1.54906,1.54958,1.88,1.88
2011.12.21 03:44:17.703,1.54906,1.54958,2.63,1.88
2011.12.21 03:44:18.034,1.54907,1.54956,1.13,2.18
2011.12.21 03:44:18.499,1.54907,1.54956,1.13,1.43
2011.12.21 03:44:18.683,1.54907,1.54958,1.13,2.63
2011.12.21 03:44:18.744,1.54907,1.54956,1.13,2.18
2011.12.21 03:44:19.544,1.54907,1.54958,1.13,2.25
2011.12.21 03:44:19.733,1.54907,1.54956,1.88,2.18
2011.12.21 03:44:20.523,1.54906,1.54958,1.50,1.50
2011.12.21 03:44:20.724,1.54907,1.54958,1.13,2.63
2011.12.21 03:44:20.974,1.54905,1.54955,1.50,2.18
2011.12.21 03:44:21.495,1.54905,1.54955,1.50,1.43
2011.12.21 03:44:21.623,1.54906,1.54958,1.50,1.50
2011.12.21 03:44:21.932,1.54907,1.54956,1.50,2.18
2011.12.21 03:44:22.788,1.5491,1.54958,1.13,2.25
2011.12.21 03:44:23.438,1.5491,1.54955,1.13,1.43
2011.12.21 03:44:23.623,1.5491,1.54958,1.13,2.25
2011.12.21 03:44:23.683,1.5491,1.54958,1.13,2.25
2011.12.21 03:44:24.260,1.5491,1.54955,1.13,2.18
2011.12.21 03:44:24.455,1.5491,1.54955,1.13,1.43
2011.12.21 03:44:24.584,1.5491,1.54958,1.13,2.25
2011.12.21 03:44:24.655,1.5491,1.54958,1.13,2.25
2011.12.21 03:44:25.418,1.5491,1.54956,1.13,1.43
2011.12.21 03:44:25.483,1.5491,1.54958,1.13,2.25
2011.12.21 03:44:25.674,1.54906,1.54958,1.50,2.25
2011.12.21 03:44:25.804,1.54905,1.54955,1.50,2.18
2011.12.21 03:44:26.409,1.54905,1.54955,1.50,1.43
2011.12.21 03:44:26.673,1.54906,1.54958,1.88,2.63
2011.12.21 03:44:27.228,1.54906,1.54958,1.50,1.88
2011.12.21 03:44:27.715,1.54906,1.54956,1.50,2.18
2011.12.21 03:44:28.394,1.54906,1.54956,1.50,1.43
2011.12.21 03:44:28.644,1.54912,1.54958,1.50,1.50
2011.12.21 03:44:28.776,1.5491,1.54958,1.13,2.25
2011.12.21 03:44:29.340,1.5491,1.54955,1.13,2.18
2011.12.21 03:44:29.465,1.5491,1.54958,1.13,1.50
2011.12.21 03:44:29.701,1.54907,1.54958,1.50,2.25
2011.12.21 03:44:29.946,1.54905,1.54956,1.50,2.18
2011.12.21 03:44:30.256,1.54905,1.54956,1.50,2.18
2011.12.21 03:44:30.506,1.54905,1.54956,1.50,1.43
2011.12.21 03:44:30.573,1.54905,1.54958,1.50,1.50
2011.12.21 03:44:30.980,1.54906,1.54956,1.50,2.18
2011.12.21 03:44:31.456,1.54905,1.54958,1.50,1.50
2011.12.21 03:44:31.685,1.54905,1.54958,1.88,2.25
2011.12.21 03:44:32.429,1.54907,1.54955,1.13,2.18
2011.12.21 03:44:32.496,1.54911,1.54955,1.13,1.43
2011.12.21 03:44:32.625,1.54911,1.54958,1.88,1.50
2011.12.21 03:44:32.935,1.54911,1.54954,1.88,2.18
2011.12.21 03:44:35.099,1.54911,1.54954,1.13,2.18
2011.12.21 03:44:35.993,1.54904,1.54954,2.25,2.55
2011.12.21 03:44:42.186,1.54904,1.54951,2.59,1.43
2011.12.21 03:44:43.107,1.54908,1.54958,1.50,3.68
2011.12.21 03:44:43.283,1.54906,1.54958,1.88,3.68
2011.12.21 03:44:45.732,1.54906,1.54958,1.88,3.68
2011.12.21 03:44:57.085,1.54908,1.54958,1.50,3.68
2011.12.21 03:44:57.366,1.54907,1.54958,1.50,3.68
2011.12.21 03:44:57.484,1.54908,1.54958,1.50,3.68
2011.12.21 03:44:57.985,1.54911,1.54958,3.38,2.18
2011.12.21 03:44:59.468,1.54911,1.54963,2.63,3.68
2011.12.21 03:44:59.727,1.54912,1.54963,1.50,3.68
2011.12.21 03:45:00.952,1.54912,1.54963,1.50,3.68
2011.12.21 03:45:02.895,1.54911,1.54958,2.63,2.18
2011.12.21 03:45:06.601,1.54911,1.54958,2.63,2.18
2011.12.21 03:45:12.503,1.54911,1.54958,2.63,2.18
2011.12.21 03:45:15.945,1.54913,1.54958,1.50,2.18
2011.12.21 03:45:16.018,1.54926,1.54958,2.25,2.18
2011.12.21 03:45:16.386,1.54926,1.54974,2.25,2.18
2011.12.21 03:45:17.330,1.54925,1.54967,1.13,3.68
2011.12.21 03:45:19.675,1.54925,1.54967,1.13,3.68
2011.12.21 03:45:19.926,1.54918,1.54962,1.13,2.25
2011.12.21 03:45:20.115,1.54914,1.54962,1.13,2.25
2011.12.21 03:45:20.185,1.54914,1.54962,1.13,2.25
2011.12.21 03:45:20.675,1.54914,1.5496,1.13,2.18
2011.12.21 03:45:21.127,1.54914,1.54962,1.13,2.25
2011.12.21 03:45:21.324,1.5491,1.5496,1.50,1.13
2011.12.21 03:45:24.332,1.5491,1.5496,1.84,1.13
2011.12.21 03:45:24.456,1.5492,1.54961,1.05,2.18
2011.12.21 03:45:24.527,1.54923,1.5497,2.25,1.13
2011.12.21 03:45:27.542,1.54923,1.5497,1.50,1.13
2011.12.21 03:45:31.856,1.54923,1.5497,2.25,1.13
2011.12.21 03:45:32.048,1.54936,1.54977,2.18,2.25
2011.12.21 03:45:32.116,1.54942,1.54987,1.50,1.50
2011.12.21 03:45:32.370,1.54922,1.54971,2.59,1.13
2011.12.21 03:45:32.498,1.54925,1.54967,1.13,2.18
2011.12.21 03:45:32.811,1.54928,1.54971,2.85,1.13
2011.12.21 03:45:32.936,1.54928,1.54968,1.50,1.13
2011.12.21 03:45:33.005,1.54928,1.54972,1.50,1.80
2011.12.21 03:45:33.076,1.54928,1.54972,2.25,1.43
2011.12.21 03:45:33.537,1.54928,1.54976,2.25,1.09
2011.12.21 03:45:34.024,1.5492,1.54967,1.50,1.13
2011.12.21 03:45:34.094,1.54912,1.54966,2.63,2.25
2011.12.21 03:45:34.164,1.54912,1.54959,1.13,1.50
2011.12.21 03:45:34.477,1.54907,1.54954,1.50,1.50
2011.12.21 03:45:35.004,1.54907,1.54959,3.38,2.93
2011.12.21 03:45:35.197,1.54907,1.54953,2.25,1.13
2011.12.21 03:45:35.445,1.54907,1.54949,1.50,1.13
2011.12.21 03:45:35.954,1.54907,1.54953,1.50,2.93
2011.12.21 03:45:36.431,1.54907,1.54949,1.50,1.13
2011.12.21 03:45:36.974,1.54907,1.5495,1.50,1.13
2011.12.21 03:45:37.166,1.54907,1.54957,1.50,1.13
2011.12.21 03:45:37.295,1.54902,1.54954,3.38,2.25
2011.12.21 03:45:37.897,1.54909,1.54952,1.50,2.18
2011.12.21 03:45:37.964,1.54909,1.54952,1.50,1.43
2011.12.21 03:45:38.156,1.54916,1.54959,1.50,1.13
2011.12.21 03:45:38.467,1.54936,1.54959,1.50,1.13
2011.12.21 03:45:38.535,1.54916,1.54959,1.50,1.13
2011.12.21 03:45:38.963,1.54916,1.54963,1.88,1.13
2011.12.21 03:45:39.094,1.54922,1.5497,2.25,1.13
2011.12.21 03:45:39.167,1.54932,1.54976,1.50,1.13
2011.12.21 03:45:39.355,1.54926,1.54975,1.50,1.13
2011.12.21 03:45:39.427,1.5492,1.54969,1.13,2.25
2011.12.21 03:45:40.012,1.54917,1.54965,2.25,1.13
2011.12.21 03:45:40.079,1.54917,1.54962,1.50,1.13
2011.12.21 03:45:40.475,1.54917,1.54968,2.25,1.50
2011.12.21 03:45:40.545,1.54922,1.54968,1.50,1.50
2011.12.21 03:45:41.678,1.54922,1.54968,1.50,1.50
2011.12.21 03:45:42.190,1.54922,1.54968,1.50,1.50
2011.12.21 03:45:44.306,1.54929,1.54968,1.50,1.13
2011.12.21 03:45:44.374,1.54929,1.54975,1.50,2.18
2011.12.21 03:45:45.126,1.54929,1.54977,1.50,1.13
2011.12.21 03:45:45.614,1.54924,1.54974,2.25,2.18
2011.12.21 03:45:47.840,1.54924,1.54974,2.40,2.18
2011.12.21 03:45:52.068,1.54924,1.54974,2.40,2.18
2011.12.21 03:45:58.158,1.54924,1.54974,2.40,2.18
2011.12.21 03:45:58.816,1.54924,1.54974,2.40,2.18
2011.12.21 03:46:01.408,1.54924,1.54974,2.40,2.18
2011.12.21 03:46:02.337,1.54924,1.54974,2.40,2.18
2011.12.21 03:46:07.334,1.54924,1.54963,1.65,1.13
2011.12.21 03:46:07.405,1.54924,1.54964,1.65,1.13
2011.12.21 03:46:07.562,1.54924,1.54962,1.65,1.13
2011.12.21 03:46:08.202,1.54924,1.54962,1.65,1.13
2011.12.21 03:46:08.353,1.54924,1.54964,1.65,1.13
2011.12.21 03:46:08.886,1.5492,1.54964,1.35,1.13
2011.12.21 03:46:08.954,1.5492,1.54963,1.35,1.13
2011.12.21 03:46:09.817,1.5492,1.54964,1.35,1.13
2011.12.21 03:46:10.141,1.5492,1.54958,1.35,1.43
2011.12.21 03:46:10.445,1.54919,1.54955,1.33,1.13
2011.12.21 03:46:10.714,1.54906,1.54954,1.50,1.13
2011.12.21 03:46:10.786,1.54906,1.54954,1.50,1.13
2011.12.21 03:46:10.857,1.54906,1.54958,1.50,2.18
2011.12.21 03:46:10.937,1.54906,1.54958,1.58,2.18
2011.12.21 03:46:11.607,1.54906,1.54954,2.33,1.13
2011.12.21 03:46:11.944,1.54906,1.54954,1.58,1.13
2011.12.21 03:46:12.440,1.54906,1.54954,1.58,1.13
2011.12.21 03:46:12.767,1.54906,1.54955,1.58,1.13
2011.12.21 03:46:13.418,1.54906,1.54955,1.58,1.13
2011.12.21 03:46:13.670,1.54906,1.5496,2.70,2.25
2011.12.21 03:46:14.410,1.54906,1.54959,2.70,2.18
2011.12.21 03:46:14.657,1.54906,1.5496,2.70,2.25
2011.12.21 03:46:15.395,1.54906,1.54959,2.70,2.18
2011.12.21 03:46:15.737,1.54906,1.54955,1.58,1.13
2011.12.21 03:46:16.440,1.54906,1.54954,1.58,1.13
2011.12.21 03:46:16.503,1.54906,1.54954,1.58,1.13
2011.12.21 03:46:16.864,1.54906,1.54955,1.58,1.13
2011.12.21 03:46:17.430,1.54906,1.54955,1.58,1.13
2011.12.21 03:46:17.494,1.54906,1.54959,1.58,2.93
2011.12.21 03:46:18.311,1.54907,1.54954,1.58,1.13
2011.12.21 03:46:18.853,1.54907,1.54955,1.58,1.13
2011.12.21 03:46:19.399,1.54907,1.54954,1.58,1.13
2011.12.21 03:46:19.523,1.54907,1.54959,1.58,2.63
2011.12.21 03:46:19.914,1.54907,1.54954,1.58,1.13
2011.12.21 03:46:20.468,1.54907,1.54954,1.58,1.13
2011.12.21 03:46:20.735,1.54906,1.54955,1.95,1.13
2011.12.21 03:46:21.299,1.54906,1.54954,1.95,1.13
2011.12.21 03:46:21.449,1.54906,1.54955,1.95,1.13
2011.12.21 03:46:21.996,1.54906,1.54959,2.70,2.18
2011.12.21 03:46:22.522,1.54906,1.54959,2.70,2.18
2011.12.21 03:46:22.703,1.54912,1.54962,1.58,1.13
2011.12.21 03:46:23.324,1.54912,1.54963,1.58,1.13
2011.12.21 03:46:29.747,1.54912,1.54958,1.58,1.13
2011.12.21 03:46:29.874,1.54912,1.54958,1.58,1.13
2011.12.21 03:46:34.849,1.54904,1.54955,1.21,1.50
2011.12.21 03:46:35.159,1.54902,1.54954,1.36,1.13
2011.12.21 03:46:35.930,1.54901,1.54955,2.80,2.63
2011.12.21 03:46:36.055,1.54902,1.54954,1.30,1.13
2011.12.21 03:46:36.376,1.54902,1.54954,1.30,1.13
2011.12.21 03:46:36.505,1.54902,1.54953,1.30,1.13
2011.12.21 03:46:36.755,1.54907,1.54949,1.58,1.13
2011.12.21 03:46:36.825,1.54907,1.54949,1.58,1.13
2011.12.21 03:46:37.489,1.54907,1.54961,2.33,3.68
2011.12.21 03:46:37.733,1.54907,1.54958,2.33,1.13
2011.12.21 03:46:38.515,1.54901,1.54948,2.49,2.18
2011.12.21 03:46:39.053,1.54907,1.54959,2.33,2.25
2011.12.21 03:46:39.707,1.54907,1.54959,2.33,2.25
2011.12.21 03:46:40.261,1.549,1.54947,2.16,2.18
2011.12.21 03:46:40.453,1.549,1.54947,2.16,2.18
2011.12.21 03:46:41.822,1.54901,1.5495,1.29,1.13
2011.12.21 03:46:50.154,1.549,1.54952,2.87,1.13
2011.12.21 03:46:51.234,1.549,1.54952,2.71,1.13
2011.12.21 03:46:55.810,1.549,1.54953,1.58,1.13
2011.12.21 03:46:56.475,1.549,1.5494,2.71,1.13
2011.12.21 03:46:56.915,1.54898,1.54945,1.58,1.13
2011.12.21 03:46:57.287,1.54898,1.54943,1.58,1.50
2011.12.21 03:46:57.416,1.54893,1.5494,1.69,1.13
2011.12.21 03:46:57.984,1.54893,1.54944,1.74,2.93
2011.12.21 03:46:58.493,1.54897,1.54944,1.58,1.80
2011.12.21 03:46:58.694,1.54897,1.54951,1.71,2.25
2011.12.21 03:46:59.215,1.54897,1.54951,1.58,2.25
2011.12.21 03:46:59.999,1.54898,1.5495,1.58,1.88
