2011.08.31 15:00:00.020,1.5201,1.52021,1.29,1.50
2011.08.31 15:00:00.259,1.5202,1.52056,1.50,1.50
2011.08.31 15:00:00.390,1.5203,1.52066,2.25,1.50
2011.08.31 15:00:00.832,1.52036,1.52071,1.50,2.25
2011.08.31 15:00:01.298,1.52036,1.52055,1.50,1.13
2011.08.31 15:00:01.675,1.52032,1.52055,1.50,1.50
2011.08.31 15:00:03.189,1.52018,1.52059,1.50,1.50
2011.08.31 15:00:03.428,1.52024,1.52062,1.50,1.50
2011.08.31 15:00:03.549,1.5201,1.52046,1.50,1.50
2011.08.31 15:00:03.898,1.52025,1.52062,1.09,1.50
2011.08.31 15:00:04.017,1.52033,1.52069,1.50,1.50
2011.08.31 15:00:04.246,1.52026,1.52064,1.50,1.50
2011.08.31 15:00:04.681,1.52022,1.52064,1.50,1.50
2011.08.31 15:00:05.070,1.52014,1.52044,1.50,1.50
2011.08.31 15:00:05.423,1.51998,1.52036,1.50,1.50
2011.08.31 15:00:05.548,1.52005,1.52041,1.50,1.50
2011.08.31 15:00:05.898,1.51998,1.5203,1.50,1.50
2011.08.31 15:00:06.293,1.51997,1.52034,1.09,2.25
2011.08.31 15:00:06.645,1.51974,1.52009,1.50,1.50
2011.08.31 15:00:06.767,1.51975,1.52009,1.50,1.50
2011.08.31 15:00:06.886,1.51976,1.52018,1.50,1.50
2011.08.31 15:00:07.007,1.51984,1.5202,1.50,1.50
2011.08.31 15:00:08.054,1.51976,1.52014,1.84,1.50
2011.08.31 15:00:08.505,1.51979,1.52021,1.50,2.25
2011.08.31 15:00:08.627,1.51987,1.52022,1.50,2.25
2011.08.31 15:00:09.806,1.51978,1.52021,2.25,1.50
2011.08.31 15:00:09.975,1.51977,1.52013,1.50,1.50
2011.08.31 15:00:10.429,1.51986,1.52013,1.84,1.50
2011.08.31 15:00:10.773,1.51995,1.52033,1.50,1.50
2011.08.31 15:00:11.448,1.51995,1.52031,1.50,1.47
2011.08.31 15:00:11.909,1.51989,1.52025,1.50,1.84
2011.08.31 15:00:12.249,1.51982,1.5202,1.50,1.09
2011.08.31 15:00:12.376,1.51982,1.52018,1.50,1.50
2011.08.31 15:00:13.158,1.51983,1.52018,1.50,1.50
2011.08.31 15:00:13.277,1.51996,1.52032,1.50,1.50
2011.08.31 15:00:13.726,1.51989,1.52027,1.50,1.50
2011.08.31 15:00:13.845,1.51982,1.52018,1.50,1.50
2011.08.31 15:00:14.294,1.51983,1.52026,1.50,3.00
2011.08.31 15:00:14.418,1.5199,1.52025,1.50,2.25
2011.08.31 15:00:14.758,1.51985,1.52021,1.50,1.50
2011.08.31 15:00:15.402,1.51985,1.52025,1.50,1.50
2011.08.31 15:00:15.633,1.51998,1.52031,1.50,1.50
2011.08.31 15:00:15.755,1.5199,1.52028,1.50,1.50
2011.08.31 15:00:16.514,1.51998,1.52034,1.50,3.00
2011.08.31 15:00:17.407,1.52008,1.52043,1.50,2.25
2011.08.31 15:00:17.525,1.51997,1.52035,1.50,1.50
2011.08.31 15:00:17.644,1.52004,1.52042,1.50,1.50
2011.08.31 15:00:18.098,1.51998,1.52036,1.50,1.50
2011.08.31 15:00:19.286,1.51993,1.52029,1.50,1.50
2011.08.31 15:00:19.737,1.51996,1.52037,1.50,3.00
2011.08.31 15:00:20.040,1.52003,1.52036,1.50,1.50
2011.08.31 15:00:20.277,1.51988,1.52028,1.50,1.09
2011.08.31 15:00:20.505,1.51977,1.52013,1.50,1.50
2011.08.31 15:00:21.397,1.51996,1.52019,1.50,1.50
2011.08.31 15:00:21.622,1.5199,1.52019,1.50,1.50
2011.08.31 15:00:21.744,1.5199,1.52019,1.50,1.84
2011.08.31 15:00:21.864,1.51976,1.52014,1.50,1.50
2011.08.31 15:00:23.354,1.51971,1.52007,1.50,1.50
2011.08.31 15:00:23.808,1.51973,1.52008,1.50,2.25
2011.08.31 15:00:24.169,1.52004,1.52037,1.50,2.47
2011.08.31 15:00:24.520,1.52004,1.52042,1.50,1.50
2011.08.31 15:00:24.745,1.51983,1.52004,1.50,1.84
2011.08.31 15:00:25.198,1.51969,1.51996,2.04,1.09
2011.08.31 15:00:25.310,1.51969,1.51975,1.50,1.50
2011.08.31 15:00:25.436,1.51941,1.51975,1.50,1.50
2011.08.31 15:00:25.557,1.51948,1.51986,1.50,1.50
2011.08.31 15:00:25.788,1.5196,1.51998,1.50,1.50
2011.08.31 15:00:26.017,1.51952,1.51988,1.50,1.50
2011.08.31 15:00:26.611,1.51952,1.51981,1.50,1.50
2011.08.31 15:00:27.130,1.51948,1.51984,1.50,1.88
2011.08.31 15:00:27.255,1.51953,1.51991,1.50,1.50
2011.08.31 15:00:27.594,1.51953,1.51992,1.50,1.88
2011.08.31 15:00:27.712,1.51953,1.51991,1.50,1.50
2011.08.31 15:00:27.831,1.51965,1.51992,1.50,1.13
2011.08.31 15:00:28.185,1.51973,1.51995,1.50,1.13
2011.08.31 15:00:28.308,1.51973,1.52009,1.50,3.75
2011.08.31 15:00:28.794,1.51975,1.52011,1.50,1.50
2011.08.31 15:00:28.919,1.51961,1.51999,1.50,1.50
2011.08.31 15:00:29.367,1.51955,1.51996,2.25,1.50
2011.08.31 15:00:29.489,1.51955,1.51993,1.50,1.50
2011.08.31 15:00:29.611,1.51962,1.52,1.50,1.50
2011.08.31 15:00:30.286,1.51965,1.52006,1.50,2.25
2011.08.31 15:00:30.653,1.5197,1.52006,1.50,1.50
2011.08.31 15:00:31.896,1.51973,1.51999,1.50,1.50
2011.08.31 15:00:32.126,1.51958,1.5199,2.25,1.50
2011.08.31 15:00:32.522,1.51967,1.52003,1.50,1.50
2011.08.31 15:00:33.795,1.51969,1.52003,1.50,1.50
2011.08.31 15:00:33.918,1.51982,1.52018,1.50,3.34
2011.08.31 15:00:34.038,1.51971,1.52009,1.50,1.50
2011.08.31 15:00:34.589,1.5198,1.52023,1.50,1.50
2011.08.31 15:00:34.957,1.51995,1.52031,1.50,1.50
2011.08.31 15:00:35.078,1.51988,1.52026,1.50,1.50
2011.08.31 15:00:35.427,1.51981,1.52019,1.50,1.50
2011.08.31 15:00:35.765,1.51982,1.52023,1.50,1.50
2011.08.31 15:00:35.887,1.51989,1.52025,1.50,1.50
2011.08.31 15:00:36.003,1.51991,1.52026,2.25,1.50
2011.08.31 15:00:36.333,1.52,1.52032,1.50,2.84
2011.08.31 15:00:36.567,1.51994,1.52028,1.50,1.50
2011.08.31 15:00:37.014,1.51986,1.52024,1.50,1.50
2011.08.31 15:00:40.732,1.52001,1.52027,1.50,2.25
2011.08.31 15:00:40.853,1.52001,1.52043,1.50,1.50
2011.08.31 15:00:40.974,1.52009,1.52045,1.50,1.50
2011.08.31 15:00:41.096,1.52009,1.52043,1.50,2.05
2011.08.31 15:00:41.419,1.52005,1.52041,1.50,1.50
2011.08.31 15:00:41.537,1.52003,1.52039,1.50,1.50
2011.08.31 15:00:42.105,1.51997,1.52033,1.50,1.50
2011.08.31 15:00:42.672,1.51991,1.52027,1.50,1.50
2011.08.31 15:00:43.011,1.51995,1.52029,1.50,1.50
2011.08.31 15:00:43.137,1.51995,1.5203,1.50,1.50
2011.08.31 15:00:43.715,1.51995,1.5203,1.50,1.50
2011.08.31 15:00:44.255,1.51995,1.5203,1.50,1.50
2011.08.31 15:00:44.378,1.51984,1.52019,2.25,1.09
2011.08.31 15:00:44.493,1.51984,1.52014,1.50,1.50
2011.08.31 15:00:44.725,1.51978,1.52014,1.29,1.50
2011.08.31 15:00:44.849,1.51969,1.51999,2.42,1.50
2011.08.31 15:00:44.967,1.51974,1.52005,1.29,1.09
2011.08.31 15:00:45.090,1.51973,1.52005,1.29,1.09
2011.08.31 15:00:45.324,1.51969,1.52003,1.50,1.50
2011.08.31 15:00:45.554,1.51969,1.51994,1.50,1.50
2011.08.31 15:00:45.674,1.51959,1.51994,2.79,1.50
2011.08.31 15:00:46.225,1.51959,1.51994,1.63,1.50
2011.08.31 15:00:46.785,1.51959,1.51994,1.13,1.50
2011.08.31 15:00:47.346,1.51963,1.52001,1.50,1.50
2011.08.31 15:00:47.898,1.51982,1.5201,1.50,1.13
2011.08.31 15:00:48.017,1.51989,1.52018,1.50,1.50
2011.08.31 15:00:48.572,1.51988,1.52018,2.04,1.50
2011.08.31 15:00:48.805,1.51989,1.52015,2.04,1.50
2011.08.31 15:00:49.167,1.51996,1.52032,1.13,1.13
2011.08.31 15:00:49.837,1.51997,1.52032,1.67,1.50
2011.08.31 15:00:50.404,1.52004,1.52036,1.29,1.50
2011.08.31 15:00:50.527,1.52013,1.52049,1.50,1.88
2011.08.31 15:00:50.758,1.52013,1.52042,1.50,1.50
2011.08.31 15:00:51.873,1.52014,1.52041,1.50,1.13
2011.08.31 15:00:51.994,1.52014,1.52042,3.00,1.13
2011.08.31 15:00:52.114,1.52017,1.52049,1.50,1.09
2011.08.31 15:00:52.235,1.52018,1.52053,1.13,1.50
2011.08.31 15:00:52.579,1.52018,1.52051,1.13,1.50
2011.08.31 15:00:52.697,1.52017,1.52053,2.04,1.50
2011.08.31 15:00:52.819,1.52023,1.5206,2.25,1.50
2011.08.31 15:00:52.936,1.5203,1.52066,1.50,1.50
2011.08.31 15:00:53.375,1.5203,1.52068,1.50,1.50
2011.08.31 15:00:53.995,1.52032,1.52068,1.13,1.50
2011.08.31 15:00:55.018,1.52032,1.52068,1.50,1.50
2011.08.31 15:00:55.614,1.5205,1.52085,1.50,1.13
2011.08.31 15:00:56.064,1.52051,1.52086,1.29,1.50
2011.08.31 15:00:56.659,1.5205,1.52076,1.29,1.13
2011.08.31 15:00:57.271,1.52023,1.52053,1.50,1.50
2011.08.31 15:00:57.393,1.52024,1.52059,3.17,1.50
2011.08.31 15:00:57.517,1.52024,1.52056,1.29,1.50
2011.08.31 15:00:57.864,1.52023,1.5205,2.42,1.50
2011.08.31 15:00:58.204,1.52023,1.52048,2.42,1.50
2011.08.31 15:00:58.551,1.52024,1.5205,2.04,1.50
2011.08.31 15:00:58.790,1.52027,1.52063,2.04,1.50
2011.08.31 15:00:59.340,1.52031,1.52067,1.50,1.50
2011.08.31 15:00:59.793,1.52027,1.5206,1.29,1.50
2011.08.31 15:00:59.913,1.52025,1.5206,1.67,1.50
2011.08.31 15:01:00.035,1.52025,1.5206,1.67,1.50
2011.08.31 15:01:00.154,1.52032,1.52068,1.67,1.50
2011.08.31 15:01:00.704,1.52039,1.52068,1.50,1.50
2011.08.31 15:01:01.866,1.52038,1.52068,1.50,1.50
2011.08.31 15:01:01.976,1.52039,1.52074,2.25,1.50
2011.08.31 15:01:06.215,1.52044,1.5208,1.50,1.84
2011.08.31 15:01:06.756,1.52038,1.52075,2.63,1.50
2011.08.31 15:01:07.093,1.52043,1.5208,1.50,1.09
2011.08.31 15:01:07.657,1.5204,1.5207,1.50,1.50
2011.08.31 15:01:07.775,1.5204,1.52078,1.50,1.50
2011.08.31 15:01:08.224,1.52036,1.52067,1.29,1.50
2011.08.31 15:01:08.345,1.52039,1.52074,1.13,1.50
2011.08.31 15:01:09.081,1.52034,1.52067,3.17,1.50
2011.08.31 15:01:09.534,1.5204,1.52074,1.13,1.50
2011.08.31 15:01:09.989,1.52035,1.52068,1.29,1.50
2011.08.31 15:01:10.913,1.52039,1.52075,1.13,1.50
2011.08.31 15:01:12.035,1.52039,1.52075,1.13,1.50
2011.08.31 15:01:12.269,1.52039,1.52081,1.88,1.50
2011.08.31 15:01:12.385,1.52046,1.52081,1.29,1.50
2011.08.31 15:01:12.506,1.52046,1.5208,1.29,1.50
2011.08.31 15:01:12.876,1.5204,1.52075,1.67,1.50
2011.08.31 15:01:13.454,1.52043,1.52075,1.29,1.50
2011.08.31 15:01:13.794,1.52056,1.52088,2.04,1.50
2011.08.31 15:01:14.135,1.52057,1.52092,1.29,1.50
2011.08.31 15:01:14.721,1.52055,1.52087,1.29,1.50
2011.08.31 15:01:14.845,1.52058,1.5209,1.67,1.50
2011.08.31 15:01:15.396,1.52056,1.52087,1.29,1.50
2011.08.31 15:01:15.955,1.52058,1.52093,1.29,1.50
2011.08.31 15:01:16.511,1.52058,1.52093,1.67,1.50
2011.08.31 15:01:17.077,1.52058,1.52093,1.67,1.50
2011.08.31 15:01:17.686,1.52072,1.52108,1.29,1.50
2011.08.31 15:01:17.915,1.52068,1.521,2.42,1.50
2011.08.31 15:01:18.258,1.52068,1.52087,2.04,1.50
2011.08.31 15:01:18.485,1.52058,1.52087,1.50,1.50
2011.08.31 15:01:18.857,1.52058,1.52094,3.00,2.63
2011.08.31 15:01:19.740,1.52058,1.52089,1.50,1.50
2011.08.31 15:01:20.090,1.52058,1.52076,1.50,1.50
2011.08.31 15:01:20.323,1.52044,1.52079,2.04,1.13
2011.08.31 15:01:20.442,1.52037,1.52072,1.29,1.50
2011.08.31 15:01:20.563,1.52044,1.52079,1.50,1.13
2011.08.31 15:01:20.688,1.52052,1.52086,1.50,1.50
2011.08.31 15:01:20.804,1.52052,1.52087,1.50,1.50
2011.08.31 15:01:21.256,1.52057,1.52088,1.88,1.50
2011.08.31 15:01:21.630,1.52061,1.52092,1.13,2.25
2011.08.31 15:01:21.868,1.52087,1.52122,1.50,3.75
2011.08.31 15:01:21.984,1.52087,1.52121,1.50,1.50
2011.08.31 15:01:22.545,1.52087,1.52123,1.50,1.50
2011.08.31 15:01:23.103,1.52082,1.52116,1.67,1.50
2011.08.31 15:01:23.335,1.52088,1.52124,1.50,1.50
2011.08.31 15:01:23.990,1.52082,1.52117,1.67,1.50
2011.08.31 15:01:25.339,1.52075,1.52111,1.67,1.50
2011.08.31 15:01:26.039,1.52077,1.52118,1.13,1.50
2011.08.31 15:01:26.155,1.52085,1.5212,1.50,2.25
2011.08.31 15:01:26.275,1.52081,1.5212,1.13,1.50
2011.08.31 15:01:26.505,1.52081,1.52116,1.13,1.50
2011.08.31 15:01:29.141,1.52087,1.52123,1.13,3.00
2011.08.31 15:01:29.378,1.52096,1.52131,1.50,1.50
2011.08.31 15:01:29.494,1.52096,1.52132,2.25,1.50
2011.08.31 15:01:29.615,1.52091,1.52129,1.50,1.50
2011.08.31 15:01:29.845,1.52088,1.52122,1.67,1.50
2011.08.31 15:01:30.380,1.52083,1.52096,1.50,1.50
2011.08.31 15:01:30.493,1.52062,1.52088,1.29,1.50
2011.08.31 15:01:31.053,1.52054,1.52088,2.25,1.50
2011.08.31 15:01:31.724,1.5206,1.52096,1.13,1.50
2011.08.31 15:01:31.846,1.52064,1.52098,1.50,1.09
2011.08.31 15:01:31.969,1.52066,1.52098,1.50,1.09
2011.08.31 15:01:32.084,1.52069,1.52102,1.50,1.50
2011.08.31 15:01:32.587,1.52069,1.52107,1.50,1.50
2011.08.31 15:01:33.055,1.52075,1.52112,1.50,1.50
2011.08.31 15:01:33.283,1.5207,1.52097,1.88,2.25
2011.08.31 15:01:33.403,1.52072,1.52097,1.29,1.50
2011.08.31 15:01:33.636,1.52059,1.52083,2.42,1.50
2011.08.31 15:01:33.755,1.52058,1.52083,2.42,1.50
2011.08.31 15:01:34.108,1.52043,1.52075,2.04,1.50
2011.08.31 15:01:34.334,1.52043,1.52075,1.50,1.50
2011.08.31 15:01:34.813,1.52039,1.52075,1.29,1.50
2011.08.31 15:01:35.378,1.5204,1.52081,1.50,1.50
2011.08.31 15:01:35.495,1.52047,1.52083,1.50,1.50
2011.08.31 15:01:36.288,1.52049,1.52083,1.13,1.50
2011.08.31 15:01:36.934,1.52045,1.52078,1.29,1.50
2011.08.31 15:01:37.264,1.52036,1.5207,1.29,1.50
2011.08.31 15:01:37.492,1.52036,1.5207,1.29,1.50
2011.08.31 15:01:38.053,1.52036,1.5207,1.29,1.50
2011.08.31 15:01:38.721,1.52036,1.5207,1.29,1.50
2011.08.31 15:01:39.364,1.52038,1.5207,1.29,1.50
2011.08.31 15:01:39.596,1.52052,1.52086,1.13,1.88
2011.08.31 15:01:39.716,1.52047,1.52082,2.04,1.50
2011.08.31 15:01:40.056,1.52039,1.52072,2.42,1.50
2011.08.31 15:01:40.617,1.52039,1.52072,1.88,1.50
2011.08.31 15:01:41.045,1.52039,1.52072,1.88,2.25
2011.08.31 15:01:41.287,1.52033,1.52065,1.13,1.50
2011.08.31 15:01:41.682,1.52034,1.52073,1.13,1.50
2011.08.31 15:01:41.808,1.52038,1.52074,1.50,1.50
2011.08.31 15:01:42.583,1.52039,1.52074,1.13,1.50
2011.08.31 15:01:42.813,1.52038,1.52074,1.50,1.50
2011.08.31 15:01:43.341,1.5204,1.52074,1.13,1.50
2011.08.31 15:01:43.473,1.52046,1.52081,1.67,1.50
2011.08.31 15:01:44.256,1.52046,1.5208,1.67,1.09
2011.08.31 15:01:44.594,1.52039,1.52073,2.79,1.50
2011.08.31 15:01:45.047,1.52032,1.52063,1.29,1.50
2011.08.31 15:01:45.164,1.52039,1.52073,1.29,1.50
2011.08.31 15:01:45.712,1.52038,1.52074,1.50,1.50
2011.08.31 15:01:46.304,1.52034,1.52068,1.29,1.50
2011.08.31 15:01:46.426,1.52031,1.5206,1.29,1.50
2011.08.31 15:01:46.984,1.52025,1.5206,1.67,1.50
2011.08.31 15:01:47.215,1.5202,1.52046,1.29,1.50
2011.08.31 15:01:47.797,1.52008,1.52034,2.04,1.50
2011.08.31 15:01:47.917,1.52009,1.52038,2.04,1.50
2011.08.31 15:01:48.035,1.52009,1.5204,1.50,1.50
2011.08.31 15:01:48.153,1.52004,1.5204,1.50,1.50
2011.08.31 15:01:49.266,1.52009,1.52047,1.50,1.50
2011.08.31 15:01:50.130,1.5201,1.52046,1.50,1.50
2011.08.31 15:01:50.477,1.52021,1.52052,1.50,1.13
2011.08.31 15:01:50.594,1.52021,1.52057,1.50,1.50
2011.08.31 15:01:50.827,1.52013,1.52049,1.88,1.50
2011.08.31 15:01:51.274,1.52014,1.52049,1.13,1.50
2011.08.31 15:01:51.612,1.52014,1.52049,1.50,1.50
2011.08.31 15:01:51.733,1.52014,1.52049,1.50,1.50
2011.08.31 15:01:52.517,1.52005,1.5204,2.04,1.50
2011.08.31 15:01:53.408,1.52011,1.52046,1.13,1.50
2011.08.31 15:01:53.743,1.52005,1.52037,1.29,1.50
2011.08.31 15:01:53.863,1.52004,1.52037,1.67,1.50
2011.08.31 15:01:53.983,1.5201,1.52046,1.50,1.50
2011.08.31 15:01:54.565,1.52004,1.5204,1.67,3.00
2011.08.31 15:01:55.014,1.51999,1.52024,1.13,1.50
2011.08.31 15:01:56.235,1.51996,1.52024,1.13,1.50
2011.08.31 15:01:56.895,1.51998,1.52033,1.50,1.50
2011.08.31 15:01:57.023,1.51995,1.5203,1.50,3.00
2011.08.31 15:01:57.254,1.52001,1.52032,1.50,1.50
2011.08.31 15:01:57.483,1.51995,1.52031,1.13,1.50
2011.08.31 15:01:57.606,1.51993,1.52031,1.50,1.50
2011.08.31 15:01:58.275,1.51998,1.52032,1.13,2.25
2011.08.31 15:01:58.616,1.52009,1.52044,1.13,1.88
2011.08.31 15:01:59.054,1.52009,1.52041,1.13,1.50
2011.08.31 15:01:59.181,1.52003,1.52036,1.29,1.50
2011.08.31 15:01:59.318,1.52004,1.52034,1.29,1.50
2011.08.31 15:01:59.664,1.52017,1.5205,1.13,1.13
2011.08.31 15:01:59.785,1.52009,1.52043,1.50,1.50
2011.08.31 15:02:00.013,1.52011,1.52049,1.50,1.50
2011.08.31 15:02:00.247,1.52009,1.52047,1.29,3.00
2011.08.31 15:02:00.367,1.52007,1.52043,1.29,1.50
2011.08.31 15:02:00.486,1.52007,1.52039,1.29,1.50
2011.08.31 15:02:01.015,1.51998,1.52032,1.29,1.50
2011.08.31 15:02:01.145,1.51988,1.52024,1.67,1.50
2011.08.31 15:02:01.703,1.51995,1.52029,1.29,1.13
2011.08.31 15:02:02.212,1.51985,1.5202,1.29,1.50
2011.08.31 15:02:02.331,1.51984,1.5202,1.29,1.50
2011.08.31 15:02:02.564,1.51983,1.52012,1.29,1.50
2011.08.31 15:02:03.311,1.51984,1.5202,1.29,1.50
2011.08.31 15:02:03.437,1.51979,1.52015,1.29,1.50
2011.08.31 15:02:03.554,1.51977,1.52015,1.88,1.50
2011.08.31 15:02:03.784,1.51972,1.51999,2.04,1.50
2011.08.31 15:02:03.904,1.51968,1.51999,2.79,1.50
2011.08.31 15:02:04.245,1.51971,1.52007,1.29,1.50
2011.08.31 15:02:05.410,1.51973,1.52011,1.50,1.13
2011.08.31 15:02:05.546,1.51972,1.52008,2.42,1.50
2011.08.31 15:02:06.104,1.51977,1.52012,1.50,3.00
2011.08.31 15:02:06.224,1.51975,1.52011,1.50,1.50
2011.08.31 15:02:08.214,1.51983,1.52021,1.50,1.88
2011.08.31 15:02:08.338,1.51989,1.52024,1.50,1.13
2011.08.31 15:02:08.458,1.51993,1.52027,1.13,3.00
2011.08.31 15:02:08.798,1.52011,1.52038,1.50,1.13
2011.08.31 15:02:08.917,1.52019,1.52041,1.50,1.13
2011.08.31 15:02:09.037,1.52019,1.52047,1.50,2.25
2011.08.31 15:02:09.576,1.52019,1.52055,1.50,2.25
2011.08.31 15:02:10.246,1.5201,1.52052,1.50,1.50
2011.08.31 15:02:10.367,1.52009,1.52044,1.50,1.50
2011.08.31 15:02:10.489,1.52008,1.52043,1.88,1.50
2011.08.31 15:02:10.827,1.51992,1.52028,1.29,1.50
2011.08.31 15:02:10.945,1.51992,1.5201,1.29,1.50
2011.08.31 15:02:11.384,1.51981,1.52001,1.29,1.50
2011.08.31 15:02:11.499,1.51988,1.52024,1.50,1.50
2011.08.31 15:02:13.693,1.51982,1.52018,1.50,1.50
2011.08.31 15:02:14.034,1.52003,1.52032,1.13,1.50
2011.08.31 15:02:14.158,1.52003,1.52036,1.13,1.50
2011.08.31 15:02:14.507,1.52003,1.52042,1.13,1.50
2011.08.31 15:02:14.629,1.52008,1.52044,1.50,1.50
2011.08.31 15:02:15.410,1.51992,1.52027,1.29,1.50
2011.08.31 15:02:16.194,1.51992,1.52027,1.29,1.50
2011.08.31 15:02:16.645,1.51992,1.52027,2.04,2.25
2011.08.31 15:02:18.313,1.51989,1.52011,2.04,1.50
2011.08.31 15:02:18.884,1.51978,1.52011,1.29,1.50
2011.08.31 15:02:19.677,1.5198,1.52017,1.13,2.25
2011.08.31 15:02:19.801,1.51982,1.52018,1.50,1.50
2011.08.31 15:02:20.472,1.51975,1.52012,1.29,1.50
2011.08.31 15:02:21.867,1.51972,1.51999,2.04,1.50
2011.08.31 15:02:22.369,1.51964,1.51999,2.04,1.50
2011.08.31 15:02:24.762,1.51965,1.51991,1.29,1.84
2011.08.31 15:02:25.004,1.51961,1.51988,1.29,1.09
2011.08.31 15:02:25.124,1.51961,1.51991,1.29,1.50
2011.08.31 15:02:25.246,1.51961,1.51991,2.04,1.50
2011.08.31 15:02:27.293,1.51956,1.5199,1.29,1.50
2011.08.31 15:02:27.419,1.51955,1.5199,1.13,1.50
2011.08.31 15:02:29.934,1.5196,1.5199,1.50,1.50
2011.08.31 15:02:30.168,1.51954,1.5199,1.50,1.50
2011.08.31 15:02:30.834,1.51956,1.5199,1.29,1.50
2011.08.31 15:02:31.902,1.51956,1.5199,1.29,1.50
2011.08.31 15:02:32.904,1.51956,1.5199,1.29,1.50
2011.08.31 15:02:33.684,1.51959,1.51999,2.04,1.50
2011.08.31 15:02:33.913,1.51965,1.52001,1.50,1.13
2011.08.31 15:02:34.525,1.5196,1.52001,2.25,1.88
2011.08.31 15:02:34.642,1.51965,1.52001,1.50,1.13
2011.08.31 15:02:35.534,1.51965,1.52001,1.50,1.09
2011.08.31 15:02:35.876,1.51959,1.51993,2.04,1.50
2011.08.31 15:02:36.497,1.51958,1.51993,2.04,1.50
2011.08.31 15:02:37.054,1.51958,1.51993,2.04,1.50
2011.08.31 15:02:38.064,1.51958,1.51993,3.54,1.50
2011.08.31 15:02:38.643,1.51968,1.52006,1.50,1.50
2011.08.31 15:02:39.536,1.51971,1.52,1.29,1.50
2011.08.31 15:02:39.874,1.51967,1.52,1.29,1.88
2011.08.31 15:02:40.241,1.51958,1.51993,2.79,1.50
2011.08.31 15:02:40.979,1.51959,1.51993,2.42,1.50
2011.08.31 15:02:41.097,1.51963,1.51992,1.29,1.84
2011.08.31 15:02:41.546,1.51972,1.51992,1.50,1.84
2011.08.31 15:02:41.995,1.51973,1.51993,1.67,1.50
2011.08.31 15:02:42.115,1.51973,1.52004,1.29,1.50
2011.08.31 15:02:42.347,1.51966,1.52002,2.04,1.50
2011.08.31 15:02:42.465,1.51972,1.52004,1.50,1.50
2011.08.31 15:02:43.049,1.51978,1.52004,1.50,1.50
2011.08.31 15:02:43.172,1.51973,1.52002,1.29,1.50
2011.08.31 15:02:45.337,1.51974,1.52002,1.29,1.50
2011.08.31 15:02:45.674,1.51974,1.52,1.29,1.09
2011.08.31 15:02:46.022,1.51974,1.52002,1.29,1.50
2011.08.31 15:02:46.582,1.51974,1.52002,1.29,1.50
2011.08.31 15:02:47.759,1.51974,1.52001,1.29,1.09
2011.08.31 15:02:48.646,1.51973,1.52002,1.29,1.50
2011.08.31 15:02:49.205,1.51974,1.52002,1.29,1.50
2011.08.31 15:02:49.765,1.51974,1.52002,2.42,1.50
2011.08.31 15:02:50.104,1.51978,1.5201,1.29,2.25
2011.08.31 15:02:50.509,1.51978,1.5201,1.29,1.50
2011.08.31 15:02:51.064,1.5198,1.5201,1.50,1.50
2011.08.31 15:02:51.185,1.51979,1.5201,1.50,1.50
2011.08.31 15:02:51.308,1.51989,1.5202,1.13,1.13
2011.08.31 15:02:51.534,1.51994,1.52022,1.50,1.50
2011.08.31 15:02:51.873,1.51993,1.52027,1.67,1.50
2011.08.31 15:02:52.103,1.51999,1.52033,1.50,1.09
2011.08.31 15:02:52.225,1.51998,1.52033,1.29,1.84
2011.08.31 15:02:52.563,1.51983,1.52016,1.67,1.50
2011.08.31 15:02:52.792,1.51982,1.52016,1.67,1.50
2011.08.31 15:02:53.351,1.51982,1.52016,3.54,1.50
2011.08.31 15:02:54.483,1.51982,1.52016,2.04,1.50
2011.08.31 15:02:55.380,1.51986,1.52016,1.50,1.50
2011.08.31 15:02:55.909,1.51984,1.52016,1.29,1.50
2011.08.31 15:02:56.475,1.51988,1.52016,1.13,1.50
2011.08.31 15:02:56.706,1.51982,1.52016,1.29,1.50
2011.08.31 15:02:57.326,1.51982,1.52016,1.29,1.50
2011.08.31 15:02:57.855,1.51982,1.52016,1.29,1.50
2011.08.31 15:02:58.401,1.51989,1.52024,1.13,1.50
2011.08.31 15:03:00.094,1.51988,1.52024,1.50,1.50
2011.08.31 15:03:00.215,1.51985,1.52022,1.29,1.50
2011.08.31 15:03:00.737,1.51981,1.52016,1.67,1.50
2011.08.31 15:03:01.357,1.51981,1.52016,1.29,1.50
2011.08.31 15:03:01.802,1.51981,1.52016,1.29,1.88
2011.08.31 15:03:02.363,1.51981,1.52016,1.29,1.88
2011.08.31 15:03:03.442,1.51981,1.52016,1.29,1.50
2011.08.31 15:03:03.565,1.51986,1.52022,1.50,1.13
2011.08.31 15:03:03.794,1.51986,1.52022,1.50,1.47
2011.08.31 15:03:04.250,1.51981,1.52009,2.04,1.50
2011.08.31 15:03:04.826,1.51975,1.52009,1.29,3.00
2011.08.31 15:03:05.058,1.51973,1.52009,1.50,1.50
2011.08.31 15:03:05.611,1.51979,1.52014,1.50,1.47
2011.08.31 15:03:05.955,1.51982,1.52017,1.29,2.25
2011.08.31 15:03:06.298,1.51983,1.5201,2.42,1.50
2011.08.31 15:03:06.745,1.51974,1.52004,2.42,1.88
2011.08.31 15:03:06.866,1.51974,1.52004,1.50,1.88
2011.08.31 15:03:08.106,1.51973,1.52004,1.50,1.88
2011.08.31 15:03:08.566,1.51974,1.52007,2.25,1.13
2011.08.31 15:03:08.793,1.51975,1.52007,1.13,1.13
2011.08.31 15:03:09.024,1.51973,1.52006,2.63,1.13
2011.08.31 15:03:09.364,1.51973,1.52002,1.50,1.09
2011.08.31 15:03:10.363,1.51974,1.52002,1.50,1.13
2011.08.31 15:03:10.872,1.5198,1.52015,1.50,2.25
2011.08.31 15:03:10.996,1.5198,1.52015,1.50,1.88
2011.08.31 15:03:11.223,1.51974,1.52009,2.25,1.50
2011.08.31 15:03:11.582,1.51981,1.52015,1.50,1.13
2011.08.31 15:03:11.812,1.51974,1.52011,2.25,1.50
2011.08.31 15:03:13.338,1.51973,1.52001,2.79,1.50
2011.08.31 15:03:13.846,1.51974,1.52008,2.04,1.50
2011.08.31 15:03:14.410,1.51973,1.52008,2.79,1.50
2011.08.31 15:03:15.415,1.51973,1.52008,2.79,1.50
2011.08.31 15:03:15.967,1.51974,1.52008,2.04,1.50
2011.08.31 15:03:16.523,1.51973,1.52008,1.29,1.50
2011.08.31 15:03:17.301,1.51973,1.52008,1.29,1.50
2011.08.31 15:03:17.872,1.51973,1.52008,1.29,1.50
2011.08.31 15:03:18.785,1.51978,1.5201,1.50,1.50
2011.08.31 15:03:18.907,1.51978,1.52013,1.50,1.13
2011.08.31 15:03:20.543,1.51978,1.52013,1.50,1.13
2011.08.31 15:03:21.331,1.51987,1.52008,1.50,1.50
2011.08.31 15:03:21.569,1.51986,1.52016,1.50,1.13
2011.08.31 15:03:21.686,1.51986,1.52022,1.50,1.50
2011.08.31 15:03:21.913,1.51983,1.52015,1.50,1.13
2011.08.31 15:03:22.034,1.5198,1.52015,1.50,1.13
2011.08.31 15:03:22.155,1.5198,1.52017,2.25,1.88
2011.08.31 15:03:22.495,1.51994,1.52026,1.50,1.50
2011.08.31 15:03:22.728,1.51989,1.52027,1.50,1.13
2011.08.31 15:03:22.850,1.51985,1.52012,1.29,1.13
2011.08.31 15:03:23.335,1.51985,1.52021,1.29,1.50
2011.08.31 15:03:24.626,1.51985,1.52021,1.13,1.50
2011.08.31 15:03:24.744,1.5199,1.52026,1.13,2.25
2011.08.31 15:03:24.987,1.51994,1.52025,1.29,1.50
2011.08.31 15:03:25.654,1.51989,1.52023,2.04,1.50
2011.08.31 15:03:26.786,1.51989,1.52023,2.04,1.50
2011.08.31 15:03:27.124,1.51988,1.52023,2.25,3.00
2011.08.31 15:03:28.160,1.51979,1.52014,3.17,1.50
2011.08.31 15:03:28.394,1.51984,1.5202,2.04,1.50
2011.08.31 15:03:28.735,1.51988,1.52027,1.13,1.88
2011.08.31 15:03:28.854,1.51991,1.52027,1.50,1.13
2011.08.31 15:03:29.306,1.51988,1.52027,1.13,1.13
2011.08.31 15:03:29.424,1.51987,1.52021,1.13,1.50
2011.08.31 15:03:30.196,1.51978,1.52007,2.42,3.00
2011.08.31 15:03:30.317,1.51978,1.52009,2.04,1.50
2011.08.31 15:03:30.436,1.51982,1.52011,1.29,1.13
2011.08.31 15:03:30.554,1.51982,1.52016,1.29,2.25
2011.08.31 15:03:31.023,1.5198,1.52016,1.50,3.38
2011.08.31 15:03:31.143,1.5198,1.52014,1.50,1.50
2011.08.31 15:03:31.375,1.5198,1.52016,1.50,2.63
2011.08.31 15:03:32.593,1.51971,1.52007,2.42,2.25
2011.08.31 15:03:35.267,1.51974,1.52009,2.25,1.50
2011.08.31 15:03:35.606,1.5198,1.52014,1.29,1.50
2011.08.31 15:03:36.181,1.5198,1.52014,1.29,3.00
2011.08.31 15:03:36.534,1.5198,1.52008,1.29,1.50
2011.08.31 15:03:36.874,1.51976,1.52009,1.29,1.88
2011.08.31 15:03:37.247,1.51978,1.52007,1.29,1.50
2011.08.31 15:03:37.692,1.51977,1.52009,1.29,1.13
2011.08.31 15:03:38.363,1.51978,1.52011,1.29,1.50
2011.08.31 15:03:38.924,1.51978,1.52011,1.29,1.50
2011.08.31 15:03:39.773,1.51977,1.52011,1.67,1.50
2011.08.31 15:03:40.277,1.5198,1.52011,1.29,1.50
2011.08.31 15:03:40.942,1.5198,1.52011,1.29,1.50
2011.08.31 15:03:41.634,1.5198,1.52011,1.29,1.50
2011.08.31 15:03:42.342,1.5198,1.52011,1.29,1.50
2011.08.31 15:03:42.945,1.51977,1.52011,2.04,1.50
2011.08.31 15:03:43.545,1.51983,1.52011,2.04,1.50
2011.08.31 15:03:44.323,1.51984,1.52011,2.04,1.50
2011.08.31 15:03:45.346,1.51984,1.52011,2.04,1.50
2011.08.31 15:03:46.584,1.51983,1.52011,2.04,1.50
2011.08.31 15:03:47.145,1.51983,1.52011,2.04,1.50
2011.08.31 15:03:48.278,1.51984,1.52011,2.04,1.50
2011.08.31 15:03:49.671,1.51977,1.52011,1.29,1.50
2011.08.31 15:03:50.463,1.51977,1.52011,1.29,1.50
2011.08.31 15:03:50.586,1.51985,1.52017,1.29,1.13
2011.08.31 15:03:50.705,1.51985,1.52017,1.29,1.88
2011.08.31 15:03:51.199,1.51975,1.52009,1.67,1.50
2011.08.31 15:03:51.763,1.51975,1.52009,1.67,1.50
2011.08.31 15:03:52.361,1.51975,1.52009,1.67,1.50
2011.08.31 15:03:52.484,1.51981,1.52015,1.29,1.13
2011.08.31 15:03:52.827,1.51981,1.52015,1.13,1.13
2011.08.31 15:03:53.059,1.51994,1.5202,1.50,1.09
2011.08.31 15:03:53.396,1.51978,1.52014,1.29,1.88
2011.08.31 15:03:53.735,1.51979,1.52014,1.29,1.88
2011.08.31 15:03:53.861,1.51988,1.52021,1.50,2.25
2011.08.31 15:03:53.987,1.51988,1.52022,1.50,1.13
2011.08.31 15:03:54.106,1.51976,1.52011,1.29,1.50
2011.08.31 15:03:55.103,1.51979,1.52011,2.42,1.50
2011.08.31 15:03:55.333,1.51981,1.52017,1.13,1.50
2011.08.31 15:03:55.564,1.51985,1.52023,1.50,1.50
2011.08.31 15:03:55.904,1.51988,1.52023,3.17,1.50
2011.08.31 15:03:56.780,1.51988,1.52023,3.17,1.50
2011.08.31 15:03:57.342,1.51988,1.52023,3.17,1.50
2011.08.31 15:03:58.494,1.51989,1.52023,2.42,1.50
2011.08.31 15:03:59.814,1.51988,1.52015,2.04,1.50
2011.08.31 15:04:00.402,1.51989,1.52015,2.04,1.50
2011.08.31 15:04:01.403,1.51988,1.52015,2.04,1.50
2011.08.31 15:04:02.041,1.51988,1.52015,2.04,1.50
2011.08.31 15:04:02.173,1.51989,1.52024,2.42,1.50
2011.08.31 15:04:03.689,1.51989,1.52024,2.42,1.50
2011.08.31 15:04:04.416,1.51988,1.52022,3.17,1.09
2011.08.31 15:04:05.154,1.51988,1.52021,1.50,1.50
2011.08.31 15:04:05.281,1.51985,1.52021,1.29,1.50
2011.08.31 15:04:05.396,1.51986,1.52021,1.67,1.50
2011.08.31 15:04:09.302,1.51986,1.52021,1.13,1.50
2011.08.31 15:04:09.864,1.51986,1.52021,1.13,1.50
2011.08.31 15:04:12.027,1.51983,1.5201,1.29,1.50
2011.08.31 15:04:12.144,1.51979,1.5201,2.04,1.50
2011.08.31 15:04:12.267,1.51982,1.52014,1.29,2.25
2011.08.31 15:04:12.822,1.51982,1.52016,1.29,1.50
2011.08.31 15:04:13.413,1.51982,1.52016,1.29,1.50
2011.08.31 15:04:14.248,1.51982,1.52016,1.29,1.50
2011.08.31 15:04:14.843,1.51982,1.52016,1.29,1.50
2011.08.31 15:04:15.736,1.51982,1.52016,1.67,1.50
2011.08.31 15:04:16.402,1.51982,1.52016,1.67,1.50
2011.08.31 15:04:16.924,1.51982,1.52016,1.67,1.50
2011.08.31 15:04:17.761,1.51982,1.52016,1.29,1.50
2011.08.31 15:04:18.644,1.51982,1.52016,1.67,1.50
2011.08.31 15:04:19.310,1.51982,1.52016,1.67,1.50
2011.08.31 15:04:20.093,1.51982,1.52016,1.29,1.50
2011.08.31 15:04:20.953,1.51982,1.52016,1.29,1.50
2011.08.31 15:04:21.076,1.51978,1.52002,2.04,1.50
2011.08.31 15:04:21.196,1.51981,1.52016,1.29,1.50
2011.08.31 15:04:22.082,1.51981,1.52016,1.29,1.88
2011.08.31 15:04:22.643,1.51981,1.52016,1.29,1.50
2011.08.31 15:04:23.241,1.51981,1.52016,1.29,1.50
2011.08.31 15:04:23.808,1.51981,1.52016,1.29,1.50
2011.08.31 15:04:24.480,1.51981,1.52016,1.29,1.50
2011.08.31 15:04:25.085,1.51981,1.52016,1.29,1.50
2011.08.31 15:04:25.643,1.51981,1.52016,1.29,1.50
2011.08.31 15:04:26.204,1.51981,1.52016,1.29,1.50
2011.08.31 15:04:26.787,1.51981,1.52016,1.29,1.50
2011.08.31 15:04:28.509,1.51981,1.52016,2.04,1.50
2011.08.31 15:04:29.063,1.51977,1.5201,1.29,1.50
2011.08.31 15:04:29.732,1.51976,1.5201,3.17,1.50
2011.08.31 15:04:30.493,1.51977,1.5201,1.67,1.50
2011.08.31 15:04:30.834,1.51983,1.52017,1.50,1.50
2011.08.31 15:04:32.604,1.51984,1.52017,1.50,1.50
2011.08.31 15:04:33.333,1.51981,1.52017,2.04,1.50
2011.08.31 15:04:38.503,1.51981,1.52017,1.29,1.50
2011.08.31 15:04:39.236,1.51986,1.52022,1.50,1.88
2011.08.31 15:04:43.266,1.51991,1.52027,1.50,1.13
2011.08.31 15:04:43.604,1.51984,1.52016,1.29,2.25
2011.08.31 15:04:43.833,1.51978,1.52012,2.42,1.50
2011.08.31 15:04:44.533,1.51979,1.52012,2.04,1.50
2011.08.31 15:04:45.356,1.51979,1.52012,2.04,1.50
2011.08.31 15:04:46.289,1.51984,1.52021,2.04,1.13
2011.08.31 15:04:47.843,1.51984,1.52017,2.04,1.50
2011.08.31 15:04:48.183,1.51984,1.52017,1.29,2.25
2011.08.31 15:04:48.968,1.51979,1.52012,2.42,1.50
2011.08.31 15:04:49.524,1.51978,1.52012,2.04,2.25
2011.08.31 15:04:49.974,1.51969,1.52004,1.67,1.50
2011.08.31 15:04:50.421,1.51969,1.52004,1.29,1.50
2011.08.31 15:04:50.940,1.51969,1.52004,1.29,1.50
2011.08.31 15:04:51.284,1.51963,1.51998,2.79,1.50
2011.08.31 15:04:51.843,1.51963,1.51998,2.79,1.50
2011.08.31 15:04:52.524,1.51963,1.51992,2.04,1.50
2011.08.31 15:04:52.646,1.51964,1.51997,2.04,3.00
2011.08.31 15:04:52.878,1.51964,1.51991,2.04,1.50
2011.08.31 15:04:53.104,1.51959,1.51991,1.29,1.50
2011.08.31 15:04:53.792,1.51961,1.51997,1.50,1.50
2011.08.31 15:04:55.354,1.51964,1.51997,1.88,1.50
2011.08.31 15:04:55.927,1.51963,1.51997,2.42,1.50
2011.08.31 15:04:56.045,1.51971,1.52006,1.29,1.88
2011.08.31 15:04:57.992,1.51971,1.52006,1.29,1.88
2011.08.31 15:04:58.771,1.51971,1.52005,1.29,2.25
2011.08.31 15:04:59.596,1.51971,1.52006,1.29,1.88
2011.08.31 15:05:00.203,1.51974,1.52006,1.50,1.88
2011.08.31 15:05:00.328,1.51974,1.52006,2.04,1.88
2011.08.31 15:05:01.064,1.51973,1.52006,2.04,1.88
2011.08.31 15:05:01.856,1.51974,1.52006,2.04,1.88
2011.08.31 15:05:02.465,1.51973,1.52006,2.04,1.88
2011.08.31 15:05:03.205,1.51974,1.52006,2.04,1.88
2011.08.31 15:05:03.553,1.51999,1.52029,1.13,1.50
2011.08.31 15:05:03.676,1.52,1.52032,1.50,1.50
2011.08.31 15:05:03.800,1.51999,1.5203,1.50,1.13
2011.08.31 15:05:03.915,1.51999,1.5203,2.04,1.13
2011.08.31 15:05:04.492,1.51999,1.52024,2.04,1.50
2011.08.31 15:05:05.379,1.51998,1.52022,2.04,1.09
2011.08.31 15:05:05.729,1.51988,1.52016,2.04,1.50
2011.08.31 15:05:05.845,1.51988,1.52016,2.04,1.50
2011.08.31 15:05:05.966,1.51989,1.52021,2.04,1.09
2011.08.31 15:05:06.532,1.51989,1.52023,2.04,3.38
2011.08.31 15:05:07.221,1.51989,1.52023,2.04,2.63
2011.08.31 15:05:07.784,1.5199,1.52025,1.29,1.50
2011.08.31 15:05:08.425,1.5199,1.52025,1.67,1.50
2011.08.31 15:05:08.997,1.5199,1.52025,1.67,1.50
2011.08.31 15:05:09.753,1.51994,1.5203,1.50,1.50
2011.08.31 15:05:10.312,1.51995,1.5203,1.29,1.50
2011.08.31 15:05:10.884,1.51995,1.5203,1.67,1.50
2011.08.31 15:05:11.772,1.51999,1.52036,1.29,1.50
2011.08.31 15:05:11.894,1.52,1.52036,1.50,1.50
2011.08.31 15:05:12.017,1.51994,1.52025,3.92,1.50
2011.08.31 15:05:12.983,1.52,1.52034,1.50,1.50
2011.08.31 15:05:13.436,1.51998,1.52032,1.29,1.50
2011.08.31 15:05:13.775,1.51994,1.52026,2.42,1.50
2011.08.31 15:05:14.342,1.51993,1.52026,2.42,1.50
2011.08.31 15:05:16.645,1.51994,1.52026,2.42,1.50
2011.08.31 15:05:17.233,1.52,1.52034,1.29,1.50
2011.08.31 15:05:17.685,1.51999,1.52035,3.54,1.50
2011.08.31 15:05:18.250,1.52007,1.5204,1.13,1.13
2011.08.31 15:05:18.716,1.5201,1.52041,1.50,1.13
2011.08.31 15:05:18.837,1.52004,1.52036,2.42,1.50
2011.08.31 15:05:19.393,1.52003,1.52036,2.42,1.50
2011.08.31 15:05:20.283,1.52004,1.52036,2.42,1.50
2011.08.31 15:05:20.734,1.52004,1.52036,2.04,1.50
2011.08.31 15:05:21.333,1.52002,1.52036,1.67,1.50
2011.08.31 15:05:21.891,1.52002,1.52036,1.67,1.50
2011.08.31 15:05:22.233,1.52006,1.52041,1.29,1.13
2011.08.31 15:05:22.572,1.52002,1.52036,1.67,1.50
2011.08.31 15:05:23.027,1.51999,1.52028,2.04,1.50
2011.08.31 15:05:23.814,1.51998,1.52028,2.04,1.50
2011.08.31 15:05:24.451,1.51999,1.52028,2.04,1.50
2011.08.31 15:05:24.564,1.52003,1.52038,1.50,1.50
2011.08.31 15:05:25.014,1.52004,1.52041,1.50,1.13
2011.08.31 15:05:25.135,1.52011,1.52045,1.50,1.13
2011.08.31 15:05:26.244,1.52011,1.52047,1.50,2.25
2011.08.31 15:05:26.477,1.52004,1.52039,1.29,1.50
2011.08.31 15:05:27.022,1.52008,1.52045,1.50,1.50
2011.08.31 15:05:27.272,1.52004,1.52043,1.50,1.13
2011.08.31 15:05:27.395,1.52002,1.5204,2.25,1.50
2011.08.31 15:05:29.389,1.51998,1.52032,2.25,1.50
2011.08.31 15:05:29.504,1.51998,1.52023,1.50,1.50
2011.08.31 15:05:29.627,1.51995,1.52023,2.04,1.50
2011.08.31 15:05:29.854,1.51998,1.52034,1.50,1.50
2011.08.31 15:05:30.895,1.51999,1.52034,1.29,1.50
2011.08.31 15:05:31.453,1.51999,1.52033,1.29,1.50
2011.08.31 15:05:32.098,1.51995,1.52033,1.29,2.25
2011.08.31 15:05:32.215,1.51997,1.52031,1.29,1.50
2011.08.31 15:05:32.339,1.51993,1.52026,2.04,1.50
2011.08.31 15:05:33.244,1.51993,1.52026,2.04,1.50
2011.08.31 15:05:34.774,1.51994,1.52026,2.04,1.50
2011.08.31 15:05:35.084,1.51994,1.52026,2.04,1.50
2011.08.31 15:05:35.436,1.5199,1.52024,1.50,1.50
2011.08.31 15:05:35.558,1.51987,1.52016,1.29,1.50
2011.08.31 15:05:35.796,1.51988,1.52023,1.29,1.50
2011.08.31 15:05:36.041,1.51991,1.52025,1.50,1.50
2011.08.31 15:05:36.166,1.51994,1.52025,1.50,1.50
2011.08.31 15:05:36.611,1.51994,1.52025,2.25,1.50
2011.08.31 15:05:36.740,1.51987,1.52018,1.29,1.50
2011.08.31 15:05:36.867,1.51983,1.52011,2.04,1.50
2011.08.31 15:05:36.990,1.51983,1.52011,1.50,1.50
2011.08.31 15:05:37.326,1.51972,1.51998,2.42,1.50
2011.08.31 15:05:37.449,1.51976,1.52014,1.50,1.50
2011.08.31 15:05:37.566,1.51986,1.5202,2.25,1.50
2011.08.31 15:05:38.198,1.51984,1.52022,1.50,1.50
2011.08.31 15:05:38.749,1.51978,1.52014,2.25,1.50
2011.08.31 15:05:39.086,1.5199,1.52021,1.50,1.50
2011.08.31 15:05:39.535,1.51988,1.52021,2.04,1.50
2011.08.31 15:05:40.429,1.5199,1.52028,3.00,1.50
2011.08.31 15:05:41.656,1.51996,1.52034,3.00,1.50
2011.08.31 15:05:42.812,1.52005,1.52041,1.50,3.00
2011.08.31 15:05:43.146,1.51999,1.52035,2.04,1.50
2011.08.31 15:05:43.265,1.51999,1.52034,2.04,1.13
2011.08.31 15:05:43.826,1.52,1.52034,1.29,1.50
2011.08.31 15:05:43.946,1.51999,1.52035,2.04,1.50
2011.08.31 15:05:44.727,1.52,1.52041,2.04,3.38
2011.08.31 15:05:45.177,1.52006,1.52042,1.50,2.25
2011.08.31 15:05:47.330,1.52012,1.5205,1.50,3.00
2011.08.31 15:05:47.868,1.52012,1.5205,2.04,1.50
2011.08.31 15:05:48.094,1.52009,1.52043,2.04,1.50
2011.08.31 15:05:49.095,1.52008,1.52043,1.67,1.50
2011.08.31 15:05:49.325,1.52012,1.5205,1.50,1.50
2011.08.31 15:05:49.992,1.52024,1.5205,1.50,1.50
2011.08.31 15:05:50.392,1.52028,1.52057,1.50,1.50
2011.08.31 15:05:50.524,1.52014,1.52047,2.04,1.50
2011.08.31 15:05:50.649,1.52014,1.52047,1.50,1.50
2011.08.31 15:05:50.767,1.52016,1.52054,1.50,1.50
2011.08.31 15:05:51.107,1.52013,1.52047,1.50,1.50
2011.08.31 15:05:51.446,1.52014,1.52054,2.59,1.50
2011.08.31 15:05:51.563,1.52018,1.52054,1.50,1.50
2011.08.31 15:05:52.234,1.52019,1.52054,1.47,1.50
2011.08.31 15:05:52.356,1.52025,1.52061,1.09,1.50
2011.08.31 15:05:52.475,1.52029,1.52066,3.00,1.50
2011.08.31 15:05:54.576,1.52034,1.52067,1.50,1.50
2011.08.31 15:05:55.193,1.5203,1.52067,2.25,1.50
2011.08.31 15:05:55.543,1.5203,1.52059,1.50,1.50
2011.08.31 15:05:55.666,1.52025,1.52059,2.04,1.50
2011.08.31 15:05:56.007,1.52024,1.52059,2.25,1.50
2011.08.31 15:05:59.408,1.52024,1.52059,1.50,1.50
2011.08.31 15:05:59.963,1.52026,1.52058,1.50,1.13
2011.08.31 15:06:00.923,1.52028,1.52058,1.50,1.13
2011.08.31 15:06:01.046,1.52025,1.52058,2.25,1.13
2011.08.31 15:06:01.815,1.52025,1.52059,2.25,1.50
2011.08.31 15:06:02.044,1.52018,1.52052,1.50,1.50
2011.08.31 15:06:02.279,1.52029,1.52065,1.50,2.25
2011.08.31 15:06:02.613,1.52022,1.52058,1.50,1.50
2011.08.31 15:06:04.738,1.52031,1.52066,1.50,1.50
2011.08.31 15:06:05.365,1.52031,1.52066,1.50,1.50
2011.08.31 15:06:05.932,1.52031,1.52067,1.50,1.50
2011.08.31 15:06:08.141,1.52033,1.52067,1.50,1.50
2011.08.31 15:06:08.493,1.52026,1.52065,2.25,1.09
2011.08.31 15:06:08.615,1.52026,1.52064,3.00,1.50
2011.08.31 15:06:08.953,1.52026,1.52061,1.50,1.09
2011.08.31 15:06:09.298,1.5202,1.52048,1.50,1.50
2011.08.31 15:06:09.413,1.5202,1.52056,1.50,1.50
2011.08.31 15:06:09.534,1.52027,1.52062,1.50,1.09
2011.08.31 15:06:10.213,1.52023,1.52061,2.25,1.50
2011.08.31 15:06:10.336,1.52017,1.52055,1.50,1.50
2011.08.31 15:06:11.831,1.52034,1.52068,1.50,1.50
2011.08.31 15:06:12.185,1.52034,1.5207,1.50,1.50
2011.08.31 15:06:13.945,1.52034,1.52068,1.50,1.50
2011.08.31 15:06:14.067,1.52032,1.5206,1.50,1.50
2011.08.31 15:06:14.184,1.52024,1.5206,2.04,1.50
2011.08.31 15:06:15.558,1.52017,1.52053,1.50,1.50
2011.08.31 15:06:16.235,1.52019,1.52053,1.50,1.50
2011.08.31 15:06:16.356,1.52017,1.52053,1.50,1.50
2011.08.31 15:06:16.698,1.52019,1.52053,3.17,1.50
2011.08.31 15:06:17.724,1.52009,1.52043,2.04,1.50
2011.08.31 15:06:17.958,1.52007,1.52043,1.50,1.50
2011.08.31 15:06:18.660,1.52009,1.52042,1.50,1.50
2011.08.31 15:06:18.782,1.52008,1.52044,1.50,1.50
2011.08.31 15:06:19.786,1.52027,1.52056,1.50,2.25
2011.08.31 15:06:20.246,1.52027,1.52063,1.50,1.50
2011.08.31 15:06:20.912,1.52027,1.52062,1.50,1.50
2011.08.31 15:06:21.260,1.52009,1.52045,2.25,1.50
2011.08.31 15:06:22.267,1.52011,1.52045,1.50,1.50
2011.08.31 15:06:22.826,1.52001,1.52032,2.25,1.50
2011.08.31 15:06:23.166,1.52001,1.52031,2.25,1.09
2011.08.31 15:06:23.506,1.51994,1.52019,1.50,1.50
2011.08.31 15:06:23.624,1.51986,1.52019,2.25,1.50
2011.08.31 15:06:23.748,1.51993,1.52025,1.50,1.50
2011.08.31 15:06:23.976,1.51993,1.52032,2.25,2.25
2011.08.31 15:06:24.095,1.52002,1.52032,1.50,1.50
2011.08.31 15:06:24.580,1.51994,1.52026,1.50,1.50
2011.08.31 15:06:24.820,1.51994,1.52012,1.50,1.50
2011.08.31 15:06:24.939,1.51982,1.52012,1.29,1.50
2011.08.31 15:06:25.164,1.51981,1.52012,2.25,1.50
2011.08.31 15:06:25.726,1.51983,1.52021,3.00,1.50
2011.08.31 15:06:26.177,1.51994,1.52029,1.50,1.50
2011.08.31 15:06:26.517,1.51997,1.52021,1.50,1.50
2011.08.31 15:06:26.635,1.51986,1.52021,3.00,1.50
2011.08.31 15:06:27.733,1.51992,1.52028,1.50,1.50
2011.08.31 15:06:28.073,1.51982,1.52018,2.04,1.50
2011.08.31 15:06:28.415,1.51979,1.52012,2.04,1.50
2011.08.31 15:06:28.974,1.51977,1.52012,2.04,1.50
2011.08.31 15:06:29.093,1.51977,1.52012,1.50,1.50
2011.08.31 15:06:32.184,1.51972,1.52009,1.29,1.50
2011.08.31 15:06:32.305,1.5197,1.52005,1.29,1.50
2011.08.31 15:06:32.540,1.51968,1.51997,2.04,1.50
2011.08.31 15:06:32.766,1.51969,1.51997,1.50,1.50
2011.08.31 15:06:32.882,1.51961,1.51997,2.25,1.50
2011.08.31 15:06:33.950,1.51956,1.5199,1.29,1.50
2011.08.31 15:06:34.624,1.51963,1.51997,1.50,1.84
2011.08.31 15:06:34.743,1.51963,1.51996,1.50,2.25
2011.08.31 15:06:34.865,1.51962,1.51998,1.50,1.50
2011.08.31 15:06:34.985,1.51962,1.51989,1.50,1.50
2011.08.31 15:06:35.216,1.51955,1.51989,2.04,1.50
2011.08.31 15:06:35.556,1.51958,1.51989,1.50,1.50
2011.08.31 15:06:35.678,1.51956,1.51989,1.50,1.50
2011.08.31 15:06:36.130,1.51961,1.51997,1.50,1.50
2011.08.31 15:06:36.217,1.51961,1.51996,1.50,1.09
2011.08.31 15:06:36.333,1.51951,1.51986,1.50,1.50
2011.08.31 15:06:36.893,1.51952,1.51986,2.25,1.50
2011.08.31 15:06:37.016,1.51955,1.51993,1.50,1.50
2011.08.31 15:06:37.134,1.51959,1.51993,1.50,1.50
2011.08.31 15:06:37.364,1.51955,1.51993,1.50,1.50
2011.08.31 15:06:38.502,1.51959,1.51993,1.50,1.50
2011.08.31 15:06:39.215,1.51959,1.51979,1.50,1.50
2011.08.31 15:06:39.333,1.51946,1.51979,2.04,1.50
2011.08.31 15:06:40.378,1.51946,1.51979,2.04,1.50
2011.08.31 15:06:40.884,1.51944,1.51979,2.79,1.50
2011.08.31 15:06:41.115,1.5195,1.51979,1.50,1.50
2011.08.31 15:06:41.236,1.51945,1.51979,2.04,1.50
2011.08.31 15:06:41.954,1.51947,1.51979,1.29,1.50
2011.08.31 15:06:42.558,1.51944,1.51979,2.79,1.50
2011.08.31 15:06:43.008,1.51962,1.51997,1.50,2.25
2011.08.31 15:06:43.240,1.51962,1.51997,1.50,1.50
2011.08.31 15:06:43.462,1.51965,1.52,2.25,1.50
2011.08.31 15:06:45.303,1.51954,1.51989,1.29,1.50
2011.08.31 15:06:45.757,1.51953,1.51988,1.29,1.50
2011.08.31 15:06:46.095,1.51949,1.51983,2.04,1.50
2011.08.31 15:06:46.444,1.51959,1.51991,1.13,2.25
2011.08.31 15:06:46.567,1.51962,1.52003,2.25,1.50
2011.08.31 15:06:47.429,1.51968,1.52004,1.50,1.50
2011.08.31 15:06:47.989,1.51966,1.52004,1.29,2.25
2011.08.31 15:06:48.445,1.51973,1.52001,1.50,1.09
2011.08.31 15:06:48.564,1.51959,1.51989,2.79,1.50
2011.08.31 15:06:48.797,1.51962,1.51996,1.29,1.50
2011.08.31 15:06:48.915,1.51962,1.51998,1.29,1.50
2011.08.31 15:06:49.324,1.5196,1.51998,1.84,1.50
2011.08.31 15:06:50.878,1.51966,1.51998,1.50,1.50
2011.08.31 15:06:51.853,1.5197,1.52004,1.50,1.50
2011.08.31 15:06:51.987,1.5196,1.51987,1.50,1.50
2011.08.31 15:06:52.103,1.51957,1.51987,1.50,1.50
2011.08.31 15:06:52.993,1.51958,1.51996,1.50,1.50
2011.08.31 15:06:53.237,1.51958,1.52,3.00,1.50
2011.08.31 15:06:53.354,1.51965,1.52001,1.50,1.50
2011.08.31 15:06:55.455,1.51971,1.52001,1.50,1.50
2011.08.31 15:06:55.575,1.51968,1.52001,1.50,1.50
2011.08.31 15:06:56.490,1.51969,1.52001,1.50,1.50
2011.08.31 15:06:57.013,1.5197,1.52006,1.50,1.84
2011.08.31 15:06:57.452,1.5197,1.52005,1.50,1.09
2011.08.31 15:06:57.568,1.51966,1.52001,2.79,1.50
2011.08.31 15:06:57.792,1.51966,1.51993,2.04,1.50
2011.08.31 15:06:58.245,1.51966,1.52,1.29,1.88
2011.08.31 15:06:58.366,1.51965,1.52,1.50,1.13
2011.08.31 15:06:58.486,1.51959,1.52,2.25,1.88
2011.08.31 15:06:58.606,1.51959,1.51995,1.50,1.50
2011.08.31 15:06:59.273,1.51953,1.51993,2.04,2.25
2011.08.31 15:06:59.394,1.51953,1.51988,1.29,1.50
2011.08.31 15:07:00.076,1.51953,1.51988,1.29,1.50
2011.08.31 15:07:00.643,1.51953,1.51988,1.29,1.50
2011.08.31 15:07:01.092,1.51953,1.51988,1.29,1.50
2011.08.31 15:07:01.447,1.51958,1.51994,1.29,1.50
2011.08.31 15:07:01.675,1.51959,1.52,1.29,3.00
2011.08.31 15:07:01.796,1.51964,1.52,1.50,2.25
2011.08.31 15:07:02.026,1.51966,1.52002,1.29,1.50
2011.08.31 15:07:02.694,1.51959,1.51983,2.42,1.50
2011.08.31 15:07:03.189,1.51958,1.51993,2.25,1.50
2011.08.31 15:07:03.634,1.51957,1.51998,1.50,3.00
2011.08.31 15:07:03.755,1.51962,1.51998,1.50,2.25
2011.08.31 15:07:07.086,1.51964,1.52005,1.50,3.00
2011.08.31 15:07:07.205,1.51969,1.52005,1.50,3.00
2011.08.31 15:07:07.652,1.51969,1.51998,1.50,1.50
2011.08.31 15:07:07.775,1.51963,1.51998,1.50,2.25
2011.08.31 15:07:11.776,1.5196,1.51999,1.29,3.75
2011.08.31 15:07:11.894,1.51956,1.5199,1.29,2.25
2011.08.31 15:07:12.768,1.51954,1.51981,1.50,1.50
2011.08.31 15:07:13.525,1.51945,1.51981,1.29,1.50
2011.08.31 15:07:13.903,1.51945,1.51981,1.29,1.50
2011.08.31 15:07:14.892,1.51945,1.51981,1.29,1.50
2011.08.31 15:07:15.423,1.51945,1.51981,1.29,1.50
2011.08.31 15:07:16.312,1.51945,1.51981,1.29,1.50
2011.08.31 15:07:18.427,1.51945,1.51981,1.29,1.50
2011.08.31 15:07:19.114,1.51945,1.51981,1.29,1.50
2011.08.31 15:07:19.346,1.51958,1.51987,1.50,1.50
2011.08.31 15:07:19.464,1.51959,1.51992,1.13,1.13
2011.08.31 15:07:19.586,1.5196,1.51996,3.00,1.13
2011.08.31 15:07:19.924,1.51958,1.51987,1.50,1.50
2011.08.31 15:07:20.395,1.51963,1.51992,1.29,1.09
2011.08.31 15:07:20.724,1.51944,1.51979,1.29,1.50
2011.08.31 15:07:20.955,1.5195,1.51984,1.29,1.50
2011.08.31 15:07:21.077,1.51948,1.51984,1.50,1.50
2011.08.31 15:07:21.636,1.5195,1.51991,1.50,2.25
2011.08.31 15:07:21.974,1.51974,1.52002,1.50,1.50
2011.08.31 15:07:22.204,1.51974,1.52008,1.50,1.50
2011.08.31 15:07:22.745,1.51974,1.5201,1.50,1.50
2011.08.31 15:07:24.758,1.51969,1.52,1.50,1.50
2011.08.31 15:07:25.400,1.51968,1.51988,1.50,1.50
2011.08.31 15:07:25.521,1.51962,1.51997,1.29,1.50
2011.08.31 15:07:25.979,1.51966,1.52002,1.50,2.63
2011.08.31 15:07:29.066,1.51966,1.51996,1.50,1.13
2011.08.31 15:07:29.184,1.51957,1.51992,1.50,1.13
2011.08.31 15:07:29.415,1.51957,1.51993,3.00,1.50
2011.08.31 15:07:29.536,1.51964,1.51999,2.25,1.88
2011.08.31 15:07:29.655,1.51964,1.52001,2.25,1.50
2011.08.31 15:07:29.888,1.51963,1.51995,1.50,1.50
2011.08.31 15:07:30.005,1.51963,1.52001,1.50,1.50
2011.08.31 15:07:30.657,1.51965,1.52001,2.79,1.50
2011.08.31 15:07:31.103,1.51974,1.52001,1.50,1.50
2011.08.31 15:07:31.226,1.51974,1.52008,2.25,1.50
2011.08.31 15:07:31.456,1.51974,1.52015,3.00,2.25
2011.08.31 15:07:31.578,1.51979,1.52015,1.50,1.50
2011.08.31 15:07:31.695,1.51981,1.52019,1.50,1.13
2011.08.31 15:07:31.817,1.51987,1.52022,1.50,1.13
2011.08.31 15:07:31.935,1.51983,1.5202,2.25,1.50
2011.08.31 15:07:32.055,1.51976,1.52011,1.29,1.50
2011.08.31 15:07:32.822,1.51982,1.5202,1.50,1.88
2011.08.31 15:07:33.494,1.51985,1.52025,1.50,2.25
2011.08.31 15:07:33.613,1.51993,1.52027,1.50,1.50
2011.08.31 15:07:33.733,1.51986,1.52024,1.50,1.50
2011.08.31 15:07:36.335,1.51988,1.52024,1.29,1.50
2011.08.31 15:07:36.895,1.51988,1.52024,1.29,1.50
2011.08.31 15:07:37.637,1.51988,1.52024,1.29,1.50
2011.08.31 15:07:38.434,1.51991,1.52024,1.29,1.50
2011.08.31 15:07:38.997,1.51986,1.52022,1.29,1.50
2011.08.31 15:07:39.933,1.5197,1.52005,1.29,1.50
2011.08.31 15:07:40.464,1.5198,1.52016,1.50,2.25
2011.08.31 15:07:46.265,1.51983,1.52018,1.13,1.50
2011.08.31 15:07:46.604,1.51996,1.52026,1.13,1.50
2011.08.31 15:07:46.944,1.52013,1.52041,1.50,2.25
2011.08.31 15:07:47.066,1.52007,1.52042,1.50,1.50
2011.08.31 15:07:47.186,1.52007,1.52043,1.50,1.50
2011.08.31 15:07:47.415,1.52007,1.52042,1.50,1.13
2011.08.31 15:07:47.534,1.52007,1.52043,1.50,1.50
2011.08.31 15:07:48.935,1.52001,1.52036,1.29,1.50
2011.08.31 15:07:49.274,1.52,1.52037,1.50,1.50
2011.08.31 15:07:49.397,1.52006,1.52041,1.50,1.50
2011.08.31 15:07:49.517,1.52006,1.52044,1.50,1.50
2011.08.31 15:07:49.868,1.52013,1.52051,1.50,1.50
2011.08.31 15:07:52.836,1.52016,1.52051,1.50,1.50
2011.08.31 15:07:53.175,1.52019,1.52055,1.50,1.50
2011.08.31 15:07:54.026,1.52019,1.52049,1.50,1.09
2011.08.31 15:07:54.447,1.51999,1.52034,1.29,1.50
2011.08.31 15:07:54.785,1.52006,1.52041,1.50,1.13
2011.08.31 15:07:56.006,1.52006,1.52041,1.50,1.50
2011.08.31 15:07:56.233,1.51993,1.52027,1.50,1.50
2011.08.31 15:07:56.792,1.5199,1.52027,1.29,1.50
2011.08.31 15:07:57.033,1.51996,1.52032,1.50,2.25
2011.08.31 15:08:02.203,1.51996,1.52031,1.50,1.13
2011.08.31 15:08:02.324,1.51991,1.52026,1.29,1.88
2011.08.31 15:08:02.554,1.51989,1.52026,2.25,1.88
2011.08.31 15:08:03.987,1.51992,1.52029,2.25,1.13
2011.08.31 15:08:04.105,1.51996,1.52032,1.50,1.50
2011.08.31 15:08:05.003,1.51996,1.52032,1.50,1.50
2011.08.31 15:08:05.452,1.51996,1.52034,1.50,2.63
2011.08.31 15:08:05.904,1.51993,1.52033,1.50,2.25
2011.08.31 15:08:06.136,1.5198,1.52016,1.29,1.50
2011.08.31 15:08:06.650,1.5198,1.52016,1.29,1.50
2011.08.31 15:08:07.203,1.51978,1.52012,2.79,1.50
2011.08.31 15:08:07.435,1.51981,1.52017,1.29,1.50
2011.08.31 15:08:08.545,1.51986,1.52023,1.50,2.25
2011.08.31 15:08:10.334,1.51984,1.52017,1.29,2.25
2011.08.31 15:08:10.457,1.51979,1.52011,2.04,1.50
2011.08.31 15:08:11.014,1.51978,1.52011,2.04,1.50
2011.08.31 15:08:11.545,1.51979,1.52011,2.04,1.50
2011.08.31 15:08:11.992,1.51979,1.52011,1.50,3.00
2011.08.31 15:08:12.114,1.51974,1.52011,1.29,3.00
2011.08.31 15:08:13.575,1.51967,1.52002,1.29,1.50
2011.08.31 15:08:14.813,1.51967,1.52002,1.29,1.50
2011.08.31 15:08:15.154,1.51972,1.52004,1.29,1.50
2011.08.31 15:08:15.494,1.51964,1.51996,1.50,1.50
2011.08.31 15:08:16.493,1.51964,1.51996,2.63,1.50
2011.08.31 15:08:17.136,1.51966,1.51996,1.13,1.50
2011.08.31 15:08:17.696,1.51963,1.51996,2.25,1.50
2011.08.31 15:08:17.816,1.51963,1.51996,1.88,1.50
2011.08.31 15:08:18.286,1.51977,1.51996,1.29,1.50
2011.08.31 15:08:19.066,1.51964,1.51996,1.50,1.50
2011.08.31 15:08:19.516,1.51969,1.51996,1.50,1.50
2011.08.31 15:08:19.637,1.51971,1.52009,1.50,1.88
2011.08.31 15:08:20.086,1.51972,1.52001,1.50,1.50
2011.08.31 15:08:20.426,1.51963,1.51981,1.50,1.50
2011.08.31 15:08:20.953,1.5195,1.51979,1.29,1.50
2011.08.31 15:08:21.094,1.51946,1.51981,1.29,1.50
2011.08.31 15:08:21.654,1.51946,1.51981,1.29,1.50
2011.08.31 15:08:22.104,1.51946,1.51987,2.04,3.75
2011.08.31 15:08:22.224,1.51951,1.51987,1.50,1.50
2011.08.31 15:08:25.254,1.51947,1.5198,1.50,1.50
2011.08.31 15:08:26.333,1.51945,1.5198,1.29,1.50
2011.08.31 15:08:26.895,1.51944,1.5198,3.00,1.50
2011.08.31 15:08:29.998,1.51938,1.51979,1.50,1.50
2011.08.31 15:08:30.118,1.51938,1.51973,1.88,1.50
2011.08.31 15:08:30.237,1.51939,1.51979,1.13,1.50
2011.08.31 15:08:30.478,1.51936,1.5197,1.50,1.50
2011.08.31 15:08:30.711,1.51934,1.51969,1.29,2.25
2011.08.31 15:08:30.836,1.51926,1.51962,1.29,1.50
2011.08.31 15:08:31.385,1.5192,1.51962,1.67,2.25
2011.08.31 15:08:31.502,1.51919,1.51955,5.04,1.50
2011.08.31 15:08:32.734,1.51933,1.51961,1.50,1.50
2011.08.31 15:08:32.853,1.51933,1.51966,1.50,1.50
2011.08.31 15:08:33.411,1.51933,1.51969,1.50,1.50
2011.08.31 15:08:33.534,1.51939,1.51974,1.50,1.50
2011.08.31 15:08:34.137,1.51946,1.51981,1.50,6.00
2011.08.31 15:08:34.267,1.51952,1.51988,1.88,1.50
2011.08.31 15:08:34.495,1.51959,1.51992,1.50,2.25
2011.08.31 15:08:34.615,1.51959,1.51991,1.50,1.50
2011.08.31 15:08:34.733,1.51951,1.51985,1.13,1.50
2011.08.31 15:08:35.477,1.51949,1.51985,1.50,1.50
2011.08.31 15:08:35.708,1.51945,1.51975,2.42,1.50
2011.08.31 15:08:36.045,1.51939,1.51975,1.50,1.50
2011.08.31 15:08:36.501,1.51935,1.51974,1.13,3.00
2011.08.31 15:08:36.634,1.51933,1.51969,1.50,1.50
2011.08.31 15:08:37.965,1.51933,1.51967,1.50,1.50
2011.08.31 15:08:38.305,1.51934,1.51962,1.50,2.25
2011.08.31 15:08:38.427,1.51939,1.51971,1.50,2.25
2011.08.31 15:08:38.953,1.51939,1.51973,1.50,1.13
2011.08.31 15:08:39.663,1.51939,1.51973,1.50,1.50
2011.08.31 15:08:40.516,1.51939,1.51973,1.50,1.50
2011.08.31 15:08:40.747,1.51948,1.51974,1.50,1.50
2011.08.31 15:08:40.975,1.51948,1.51981,2.25,1.50
2011.08.31 15:08:41.093,1.51946,1.51983,1.50,1.50
2011.08.31 15:08:42.727,1.51942,1.51982,1.29,1.50
2011.08.31 15:08:42.846,1.5194,1.51975,1.29,1.50
2011.08.31 15:08:42.967,1.5194,1.51972,1.29,1.50
2011.08.31 15:08:43.090,1.51931,1.51967,1.50,1.50
2011.08.31 15:08:43.754,1.51931,1.51967,1.50,1.50
2011.08.31 15:08:44.642,1.51936,1.51972,1.50,2.25
2011.08.31 15:08:44.769,1.51945,1.51972,1.50,1.50
2011.08.31 15:08:44.886,1.51945,1.51981,1.50,2.25
2011.08.31 15:08:45.643,1.51938,1.5198,2.25,1.50
2011.08.31 15:08:45.763,1.51938,1.51973,2.25,1.50
2011.08.31 15:08:46.215,1.51934,1.51971,1.50,3.00
2011.08.31 15:08:46.335,1.51932,1.51967,1.50,1.50
2011.08.31 15:08:46.883,1.51934,1.51968,1.50,2.25
2011.08.31 15:08:47.003,1.51939,1.51968,1.50,1.50
2011.08.31 15:08:47.124,1.51939,1.51974,1.50,1.50
2011.08.31 15:08:49.040,1.51934,1.51968,1.50,1.50
2011.08.31 15:08:49.154,1.51933,1.51968,1.50,2.25
2011.08.31 15:08:49.713,1.51933,1.51969,1.50,1.50
2011.08.31 15:08:50.273,1.51933,1.51969,1.50,3.00
2011.08.31 15:08:50.762,1.5194,1.51976,1.50,3.38
2011.08.31 15:08:52.965,1.5194,1.51975,1.50,1.50
2011.08.31 15:08:53.508,1.51941,1.51972,1.50,1.50
2011.08.31 15:08:53.633,1.51941,1.51977,1.50,1.50
2011.08.31 15:08:53.975,1.51947,1.51978,1.50,1.50
2011.08.31 15:08:54.316,1.51948,1.51985,2.25,1.50
2011.08.31 15:08:54.764,1.51955,1.51986,1.50,1.50
2011.08.31 15:08:54.996,1.51955,1.51991,3.00,1.50
2011.08.31 15:08:55.554,1.51955,1.51991,3.00,1.50
2011.08.31 15:08:56.545,1.51949,1.51984,1.09,1.50
2011.08.31 15:08:58.255,1.51955,1.51984,1.50,1.50
2011.08.31 15:08:58.375,1.51956,1.51991,1.50,1.50
2011.08.31 15:08:58.932,1.51956,1.51988,1.50,1.50
2011.08.31 15:08:59.622,1.51956,1.51991,1.50,1.50
2011.08.31 15:08:59.856,1.51947,1.51985,3.38,1.50
2011.08.31 15:09:02.105,1.51947,1.51982,3.00,1.13
2011.08.31 15:09:02.223,1.51947,1.51985,3.00,1.50
2011.08.31 15:09:02.566,1.51942,1.51977,1.29,1.50
2011.08.31 15:09:05.082,1.51948,1.51984,1.50,1.50
2011.08.31 15:09:05.204,1.51948,1.51985,2.25,1.50
2011.08.31 15:09:06.126,1.5195,1.51985,1.09,1.50
2011.08.31 15:09:06.252,1.51955,1.51993,1.50,1.50
2011.08.31 15:09:06.490,1.51965,1.51996,1.50,1.50
2011.08.31 15:09:06.715,1.51965,1.52001,3.00,1.50
2011.08.31 15:09:06.832,1.5197,1.52001,1.50,3.00
2011.08.31 15:09:07.064,1.51965,1.52001,1.50,1.50
2011.08.31 15:09:07.732,1.51971,1.52001,1.50,1.50
2011.08.31 15:09:07.853,1.51971,1.52006,3.00,1.50
2011.08.31 15:09:07.974,1.51971,1.52005,2.25,1.50
2011.08.31 15:09:08.096,1.51964,1.52002,1.50,1.50
2011.08.31 15:09:08.655,1.51971,1.52006,1.50,1.50
2011.08.31 15:09:08.776,1.51979,1.52012,1.50,2.25
2011.08.31 15:09:09.353,1.51979,1.52014,1.50,1.50
2011.08.31 15:09:09.918,1.51979,1.52014,1.50,1.72
2011.08.31 15:09:10.514,1.51979,1.52014,1.50,1.50
2011.08.31 15:09:10.746,1.51979,1.52006,1.50,1.09
2011.08.31 15:09:10.973,1.51979,1.52014,3.00,1.50
2011.08.31 15:09:11.201,1.51979,1.52015,3.00,1.50
2011.08.31 15:09:12.105,1.51972,1.5201,1.50,1.50
2011.08.31 15:09:14.553,1.5198,1.52016,1.50,1.50
2011.08.31 15:09:14.893,1.51972,1.52008,1.50,1.50
2011.08.31 15:09:18.373,1.51976,1.52008,1.50,1.50
2011.08.31 15:09:19.158,1.51972,1.52008,1.50,1.50
2011.08.31 15:09:19.963,1.51969,1.51995,1.50,1.50
2011.08.31 15:09:20.082,1.51964,1.51995,2.04,1.50
2011.08.31 15:09:20.315,1.5196,1.51995,2.79,1.50
2011.08.31 15:09:20.768,1.51968,1.52004,1.50,2.25
2011.08.31 15:09:23.033,1.51974,1.52011,1.50,2.25
2011.08.31 15:09:23.490,1.51982,1.52011,1.50,1.50
2011.08.31 15:09:23.830,1.51981,1.52011,1.50,2.25
2011.08.31 15:09:23.947,1.51974,1.52011,3.00,2.25
2011.08.31 15:09:25.234,1.51967,1.52004,2.25,1.50
2011.08.31 15:09:25.874,1.51966,1.52,1.50,1.50
2011.08.31 15:09:26.654,1.51966,1.51997,1.50,1.50
2011.08.31 15:09:26.775,1.51959,1.51994,1.29,1.50
2011.08.31 15:09:27.003,1.51958,1.51994,1.50,1.50
2011.08.31 15:09:27.784,1.51965,1.52001,2.25,1.13
2011.08.31 15:09:30.106,1.51958,1.51994,3.00,1.50
2011.08.31 15:09:32.386,1.51951,1.51987,3.54,1.50
2011.08.31 15:09:33.066,1.51951,1.51983,2.04,1.50
2011.08.31 15:09:33.296,1.51946,1.51981,1.29,1.50
2011.08.31 15:09:33.640,1.51951,1.51987,1.50,1.50
2011.08.31 15:09:35.947,1.51945,1.51976,2.04,1.50
2011.08.31 15:09:36.395,1.51952,1.5199,3.00,1.50
2011.08.31 15:09:36.516,1.51952,1.51988,3.00,1.50
2011.08.31 15:09:36.633,1.51945,1.51983,3.38,1.50
2011.08.31 15:09:39.395,1.51948,1.51983,1.50,1.50
2011.08.31 15:09:39.953,1.51946,1.51983,2.25,1.50
2011.08.31 15:09:41.111,1.51951,1.51983,1.50,1.50
2011.08.31 15:09:42.297,1.51945,1.51981,1.50,2.25
2011.08.31 15:09:54.252,1.51945,1.5198,1.50,1.84
2011.08.31 15:09:54.606,1.51933,1.51964,2.04,1.50
2011.08.31 15:09:54.723,1.51928,1.51964,1.13,1.50
2011.08.31 15:09:55.333,1.51927,1.51964,1.09,1.50
2011.08.31 15:09:55.565,1.51931,1.51964,1.50,1.50
2011.08.31 15:09:55.904,1.51927,1.51964,1.09,1.50
2011.08.31 15:09:56.245,1.51936,1.51971,1.50,1.50
2011.08.31 15:09:58.924,1.51936,1.51969,3.00,1.84
2011.08.31 15:09:59.159,1.51929,1.51961,1.50,1.50
2011.08.31 15:09:59.277,1.51929,1.51949,1.50,1.50
2011.08.31 15:09:59.398,1.51928,1.51959,3.00,1.50
2011.08.31 15:09:59.943,1.51927,1.51959,1.50,1.50
2011.08.31 15:10:03.061,1.51928,1.51959,1.50,1.50
2011.08.31 15:10:03.292,1.51925,1.51959,2.25,1.50
2011.08.31 15:10:04.455,1.51933,1.51967,1.50,1.50
2011.08.31 15:10:04.792,1.51926,1.51959,1.50,1.50
2011.08.31 15:10:09.003,1.51926,1.51952,1.50,1.50
2011.08.31 15:10:09.123,1.51919,1.51952,1.50,1.50
2011.08.31 15:10:09.576,1.51919,1.51954,2.25,2.25
2011.08.31 15:10:09.693,1.51925,1.5196,1.50,1.50
2011.08.31 15:10:14.595,1.51923,1.5196,2.25,3.00
2011.08.31 15:10:14.822,1.51922,1.51956,1.50,1.50
2011.08.31 15:10:15.053,1.51917,1.51953,1.29,1.50
2011.08.31 15:10:20.084,1.51908,1.51934,2.04,1.50
2011.08.31 15:10:20.623,1.51908,1.51934,1.50,1.50
2011.08.31 15:10:20.756,1.51902,1.51935,1.50,1.50
2011.08.31 15:10:21.766,1.51913,1.51944,1.50,2.25
2011.08.31 15:10:22.214,1.51913,1.51947,1.50,1.50
2011.08.31 15:10:23.094,1.51913,1.51947,1.50,1.50
2011.08.31 15:10:23.655,1.51913,1.51947,1.50,1.50
2011.08.31 15:10:25.047,1.51899,1.51933,2.25,1.50
2011.08.31 15:10:25.164,1.51899,1.51936,2.25,2.25
2011.08.31 15:10:25.284,1.51903,1.51936,1.50,1.50
2011.08.31 15:10:25.405,1.51903,1.51939,1.50,1.84
2011.08.31 15:10:26.417,1.51895,1.51936,1.50,1.50
2011.08.31 15:10:26.534,1.51893,1.51929,1.50,1.50
2011.08.31 15:10:27.050,1.51902,1.51934,1.50,1.50
2011.08.31 15:10:27.165,1.51902,1.51938,1.50,1.50
2011.08.31 15:10:27.507,1.51909,1.51938,1.50,1.50
2011.08.31 15:10:27.740,1.51909,1.51944,2.25,1.50
2011.08.31 15:10:28.404,1.51909,1.51944,2.25,1.50
2011.08.31 15:10:28.745,1.51901,1.51942,1.50,3.00
2011.08.31 15:10:28.863,1.51898,1.51936,1.50,1.50
2011.08.31 15:10:32.673,1.51903,1.51927,1.50,1.50
2011.08.31 15:10:32.906,1.51891,1.51927,2.25,1.50
2011.08.31 15:10:33.026,1.51892,1.5193,1.50,2.25
2011.08.31 15:10:33.144,1.51899,1.5193,1.50,1.50
2011.08.31 15:10:33.487,1.51906,1.51935,1.50,1.50
2011.08.31 15:10:34.135,1.51913,1.51935,1.50,1.50
2011.08.31 15:10:34.257,1.51917,1.51942,1.50,2.25
2011.08.31 15:10:34.376,1.51913,1.51941,2.25,1.50
2011.08.31 15:10:35.089,1.51915,1.51945,1.50,1.50
2011.08.31 15:10:35.546,1.51908,1.51937,1.50,1.50
2011.08.31 15:10:36.007,1.5191,1.51937,1.50,1.50
2011.08.31 15:10:36.235,1.51904,1.51937,1.50,1.50
2011.08.31 15:10:36.683,1.51906,1.51937,1.50,1.50
2011.08.31 15:10:37.650,1.51907,1.51939,1.50,1.50
2011.08.31 15:10:37.984,1.51915,1.51939,1.50,1.50
2011.08.31 15:10:39.934,1.51915,1.51949,1.50,1.50
2011.08.31 15:10:40.059,1.51907,1.51942,2.25,1.50
2011.08.31 15:10:40.556,1.51912,1.51948,1.50,3.00
2011.08.31 15:10:41.124,1.51915,1.51948,1.50,1.50
2011.08.31 15:10:41.356,1.51919,1.51955,1.50,1.88
2011.08.31 15:10:43.018,1.51927,1.51955,1.50,1.50
2011.08.31 15:10:43.139,1.51927,1.5196,1.50,1.50
2011.08.31 15:10:43.261,1.51931,1.51962,1.50,1.50
2011.08.31 15:10:43.489,1.51935,1.51962,1.50,1.50
2011.08.31 15:10:43.605,1.51931,1.51968,1.50,2.63
2011.08.31 15:10:44.778,1.51931,1.51964,1.50,1.50
2011.08.31 15:10:45.382,1.51942,1.51969,2.25,1.50
2011.08.31 15:10:45.627,1.51937,1.5197,1.50,1.50
2011.08.31 15:10:46.187,1.51941,1.51971,1.50,1.50
2011.08.31 15:10:46.524,1.5193,1.51958,1.50,1.50
2011.08.31 15:10:46.753,1.51927,1.51958,1.50,1.50
2011.08.31 15:10:47.093,1.51925,1.51958,1.50,1.50
2011.08.31 15:10:48.152,1.51923,1.51958,2.25,1.50
2011.08.31 15:10:48.386,1.51927,1.51958,1.50,1.50
2011.08.31 15:10:48.728,1.51927,1.51966,2.25,1.50
2011.08.31 15:10:48.848,1.51932,1.51967,1.50,1.50
2011.08.31 15:10:49.295,1.51941,1.5197,1.50,1.50
2011.08.31 15:10:49.636,1.51932,1.51967,1.50,1.13
2011.08.31 15:10:54.205,1.51932,1.51967,2.25,1.50
2011.08.31 15:10:54.325,1.51928,1.51963,2.25,2.25
2011.08.31 15:10:55.158,1.51931,1.51964,1.50,1.50
2011.08.31 15:10:58.378,1.51932,1.51964,1.50,1.50
2011.08.31 15:10:59.274,1.51925,1.51955,1.50,1.50
2011.08.31 15:10:59.394,1.51928,1.51964,1.50,1.13
2011.08.31 15:10:59.515,1.51933,1.51967,2.25,1.13
2011.08.31 15:11:00.072,1.51933,1.51966,2.25,1.50
2011.08.31 15:11:00.432,1.51932,1.51966,1.50,2.25
2011.08.31 15:11:00.828,1.51926,1.51953,1.50,1.13
2011.08.31 15:11:00.964,1.51921,1.51954,1.50,1.88
2011.08.31 15:11:01.526,1.51919,1.51954,2.25,1.50
2011.08.31 15:11:02.118,1.5192,1.51954,1.50,1.50
2011.08.31 15:11:02.597,1.51918,1.51953,1.50,1.50
2011.08.31 15:11:02.943,1.51925,1.51959,2.25,1.50
2011.08.31 15:11:03.466,1.51925,1.5196,2.25,2.25
2011.08.31 15:11:04.664,1.51924,1.51959,3.00,1.13
2011.08.31 15:11:05.337,1.51924,1.5196,3.00,1.50
2011.08.31 15:11:05.566,1.5193,1.51961,1.50,1.50
2011.08.31 15:11:05.687,1.51927,1.5196,2.25,1.50
2011.08.31 15:11:07.808,1.51931,1.5196,1.50,1.50
2011.08.31 15:11:08.257,1.51924,1.51961,3.00,1.50
2011.08.31 15:11:08.491,1.51936,1.51967,1.50,1.13
2011.08.31 15:11:08.724,1.51936,1.51969,1.50,1.13
2011.08.31 15:11:09.309,1.51936,1.51967,1.50,1.13
2011.08.31 15:11:09.550,1.51922,1.51956,1.50,1.50
2011.08.31 15:11:09.670,1.51926,1.51956,1.50,1.50
2011.08.31 15:11:10.004,1.51923,1.51956,1.50,1.50
2011.08.31 15:11:10.234,1.51921,1.51956,2.25,1.50
2011.08.31 15:11:10.573,1.51926,1.51956,1.50,1.50
2011.08.31 15:11:10.697,1.51922,1.51956,1.50,1.50
2011.08.31 15:11:11.966,1.51918,1.51956,1.50,1.50
2011.08.31 15:11:12.415,1.51928,1.51956,1.50,1.50
2011.08.31 15:11:12.645,1.5193,1.51966,3.00,2.25
2011.08.31 15:11:12.767,1.5193,1.51961,1.50,1.50
2011.08.31 15:11:13.103,1.5193,1.51965,2.25,1.50
2011.08.31 15:11:13.227,1.5193,1.51967,2.25,3.75
2011.08.31 15:11:13.793,1.51925,1.51954,1.50,1.50
2011.08.31 15:11:14.251,1.51919,1.51954,2.25,1.50
2011.08.31 15:11:14.385,1.51926,1.51954,1.50,1.50
2011.08.31 15:11:14.840,1.5192,1.51954,1.50,1.50
2011.08.31 15:11:17.106,1.51927,1.51961,1.50,1.50
2011.08.31 15:11:17.559,1.5193,1.51961,1.50,1.50
2011.08.31 15:11:17.676,1.51931,1.51966,1.50,2.25
2011.08.31 15:11:17.794,1.51935,1.51966,1.50,2.25
2011.08.31 15:11:18.484,1.51939,1.51967,1.50,2.25
2011.08.31 15:11:19.055,1.51938,1.51967,1.50,1.50
2011.08.31 15:11:19.173,1.51931,1.51967,1.50,1.50
2011.08.31 15:11:19.688,1.51934,1.51967,1.50,1.50
2011.08.31 15:11:20.025,1.51941,1.51973,1.50,1.50
2011.08.31 15:11:20.148,1.51941,1.51974,1.50,1.50
2011.08.31 15:11:20.268,1.5195,1.51976,1.50,1.13
2011.08.31 15:11:20.382,1.5195,1.51977,1.50,1.88
2011.08.31 15:11:20.506,1.51944,1.51977,1.50,1.50
2011.08.31 15:11:21.069,1.51944,1.51979,1.50,2.25
2011.08.31 15:11:22.017,1.51952,1.5198,1.50,1.50
2011.08.31 15:11:22.575,1.51951,1.5198,1.50,1.50
2011.08.31 15:11:23.476,1.51954,1.5198,1.50,1.50
2011.08.31 15:11:23.813,1.51951,1.5198,1.50,1.50
2011.08.31 15:11:24.567,1.51948,1.5198,1.50,1.50
2011.08.31 15:11:25.492,1.51951,1.5198,1.50,1.50
2011.08.31 15:11:26.053,1.51952,1.5198,1.50,1.50
2011.08.31 15:11:27.894,1.51951,1.5198,1.50,1.50
2011.08.31 15:11:28.123,1.51949,1.5198,1.50,1.50
2011.08.31 15:11:29.439,1.51949,1.51986,2.25,2.25
2011.08.31 15:11:29.560,1.51954,1.51988,1.50,1.50
2011.08.31 15:11:30.900,1.51961,1.51995,1.50,2.25
2011.08.31 15:11:31.248,1.51964,1.51996,1.50,1.50
2011.08.31 15:11:31.367,1.51968,1.52002,2.25,1.13
2011.08.31 15:11:31.704,1.51968,1.52002,2.25,1.50
2011.08.31 15:11:35.155,1.51967,1.51997,2.25,1.50
2011.08.31 15:11:35.276,1.51967,1.52003,3.00,1.13
2011.08.31 15:11:35.396,1.51956,1.5199,1.50,1.50
2011.08.31 15:11:35.516,1.51961,1.51999,1.50,1.50
2011.08.31 15:11:39.260,1.51952,1.51985,2.38,1.50
2011.08.31 15:11:39.594,1.51954,1.51984,1.50,1.50
2011.08.31 15:11:40.034,1.51955,1.51986,2.25,1.50
2011.08.31 15:11:40.162,1.51958,1.5199,1.50,2.25
2011.08.31 15:11:40.285,1.51963,1.51993,2.25,1.50
2011.08.31 15:11:40.626,1.51962,1.51988,1.50,1.50
2011.08.31 15:11:40.746,1.51954,1.51988,1.50,1.50
2011.08.31 15:11:41.983,1.5195,1.51985,1.50,1.50
2011.08.31 15:11:42.103,1.51949,1.5198,2.25,1.50
2011.08.31 15:11:42.989,1.51944,1.51976,2.25,1.50
2011.08.31 15:11:43.122,1.51945,1.51977,1.50,2.25
2011.08.31 15:11:43.248,1.51943,1.51974,1.13,1.50
2011.08.31 15:11:43.477,1.51944,1.51974,1.13,1.50
2011.08.31 15:11:43.596,1.51948,1.51981,2.25,1.50
2011.08.31 15:11:43.825,1.5194,1.51974,3.38,1.50
2011.08.31 15:11:44.382,1.5194,1.51967,1.50,1.50
2011.08.31 15:11:45.057,1.5194,1.5197,1.50,1.50
2011.08.31 15:11:45.423,1.51937,1.5197,2.25,2.25
2011.08.31 15:11:45.552,1.51934,1.51966,2.79,2.25
2011.08.31 15:11:45.675,1.51934,1.51967,2.25,2.25
2011.08.31 15:11:45.923,1.51932,1.51954,1.50,1.50
2011.08.31 15:11:46.060,1.51919,1.51952,1.29,1.50
2011.08.31 15:11:46.297,1.51917,1.51952,1.50,1.50
2011.08.31 15:11:46.417,1.51917,1.51944,1.50,1.50
2011.08.31 15:11:46.864,1.51914,1.51944,2.25,1.50
2011.08.31 15:11:47.205,1.51914,1.51946,1.50,2.25
2011.08.31 15:11:47.325,1.51914,1.51946,2.25,2.25
2011.08.31 15:11:47.797,1.51925,1.51951,1.50,1.50
2011.08.31 15:11:48.154,1.51919,1.51947,1.50,1.50
2011.08.31 15:11:48.388,1.51919,1.51953,3.00,3.00
2011.08.31 15:11:48.727,1.51924,1.51956,1.50,2.25
2011.08.31 15:11:49.178,1.51924,1.51958,1.50,1.50
2011.08.31 15:11:49.574,1.51924,1.51951,1.50,1.50
2011.08.31 15:11:49.982,1.51919,1.51951,3.00,1.50
2011.08.31 15:11:50.324,1.51921,1.51955,2.25,1.50
2011.08.31 15:11:50.884,1.51928,1.5196,1.50,2.25
2011.08.31 15:11:51.227,1.5193,1.51959,1.50,1.50
2011.08.31 15:11:51.565,1.51927,1.5196,1.50,2.25
2011.08.31 15:11:51.683,1.51929,1.51959,1.50,1.50
2011.08.31 15:11:52.464,1.5193,1.51959,1.50,1.50
2011.08.31 15:11:52.853,1.51926,1.51956,2.25,1.50
2011.08.31 15:11:53.090,1.51926,1.51954,2.25,1.50
2011.08.31 15:11:53.425,1.51918,1.5195,1.50,1.13
2011.08.31 15:11:53.547,1.51917,1.51946,1.50,3.00
2011.08.31 15:11:53.665,1.51914,1.51943,1.50,1.50
2011.08.31 15:11:53.786,1.51917,1.51945,1.50,2.25
2011.08.31 15:11:54.124,1.51915,1.51942,1.50,1.50
2011.08.31 15:11:54.737,1.51916,1.51942,1.50,1.50
2011.08.31 15:11:54.862,1.51929,1.51956,1.50,2.59
2011.08.31 15:11:54.991,1.51918,1.51951,1.50,1.09
2011.08.31 15:11:55.400,1.5191,1.51939,1.50,1.50
2011.08.31 15:11:55.527,1.51902,1.51938,1.50,1.50
2011.08.31 15:11:56.965,1.51897,1.51933,1.29,1.50
2011.08.31 15:11:57.535,1.51897,1.51933,1.29,1.50
2011.08.31 15:11:58.263,1.51897,1.51933,1.29,1.50
2011.08.31 15:11:59.993,1.51899,1.51934,2.25,1.50
2011.08.31 15:12:00.117,1.51903,1.51937,1.50,1.50
2011.08.31 15:12:00.673,1.51903,1.51937,1.50,1.50
2011.08.31 15:12:01.232,1.51903,1.51937,1.50,1.50
2011.08.31 15:12:02.305,1.51903,1.51937,1.50,1.50
2011.08.31 15:12:02.852,1.51909,1.51937,1.50,1.50
2011.08.31 15:12:03.206,1.51916,1.51939,1.50,1.50
2011.08.31 15:12:03.543,1.51904,1.51939,1.13,1.50
2011.08.31 15:12:03.777,1.51908,1.51939,1.50,1.50
2011.08.31 15:12:04.455,1.51908,1.51944,2.25,1.50
2011.08.31 15:12:04.577,1.5191,1.51945,1.50,1.50
2011.08.31 15:12:04.804,1.51901,1.51936,1.13,1.50
2011.08.31 15:12:06.484,1.51901,1.5194,1.50,2.25
2011.08.31 15:12:06.604,1.51908,1.51941,1.50,1.50
2011.08.31 15:12:07.714,1.51916,1.51941,1.50,1.50
2011.08.31 15:12:07.833,1.51916,1.51948,3.00,2.25
2011.08.31 15:12:08.174,1.51916,1.51948,3.00,1.50
2011.08.31 15:12:08.416,1.51919,1.51951,1.50,2.25
2011.08.31 15:12:08.535,1.51923,1.51951,1.50,3.00
2011.08.31 15:12:08.993,1.51923,1.51947,1.50,1.50
2011.08.31 15:12:09.122,1.51925,1.51951,1.50,1.50
2011.08.31 15:12:09.244,1.51925,1.51958,1.50,3.00
2011.08.31 15:12:10.205,1.51925,1.51958,1.50,3.00
2011.08.31 15:12:11.624,1.51925,1.51958,1.50,3.00
2011.08.31 15:12:12.355,1.51925,1.51958,1.50,3.00
2011.08.31 15:12:12.475,1.51925,1.51958,1.88,3.00
2011.08.31 15:12:12.812,1.51939,1.51965,2.25,1.50
2011.08.31 15:12:12.934,1.51939,1.51971,2.25,1.50
2011.08.31 15:12:13.604,1.51939,1.51971,2.25,1.50
2011.08.31 15:12:14.715,1.51939,1.51971,2.25,1.50
2011.08.31 15:12:15.168,1.5193,1.51968,1.50,1.50
2011.08.31 15:12:15.287,1.51934,1.51965,1.50,3.00
2011.08.31 15:12:15.683,1.51937,1.51966,1.50,2.25
2011.08.31 15:12:15.812,1.51937,1.51968,1.50,1.50
2011.08.31 15:12:16.193,1.51934,1.51968,2.25,3.00
2011.08.31 15:12:17.082,1.51934,1.51973,2.25,1.50
2011.08.31 15:12:17.202,1.51938,1.51974,1.50,1.50
2011.08.31 15:12:17.545,1.51939,1.51968,1.50,1.50
2011.08.31 15:12:17.774,1.51933,1.51968,2.63,1.50
2011.08.31 15:12:18.332,1.51933,1.51968,2.25,1.50
2011.08.31 15:12:18.920,1.51939,1.51968,1.50,1.50
2011.08.31 15:12:19.253,1.51939,1.51971,2.25,2.25
2011.08.31 15:12:19.373,1.51942,1.51976,2.25,1.50
2011.08.31 15:12:19.603,1.51941,1.51972,1.50,1.50
2011.08.31 15:12:19.943,1.51943,1.51976,1.50,1.50
2011.08.31 15:12:20.534,1.51941,1.51976,3.00,1.50
2011.08.31 15:12:21.317,1.51948,1.51976,1.50,1.50
2011.08.31 15:12:21.884,1.51941,1.51976,1.50,1.50
2011.08.31 15:12:22.013,1.5194,1.51971,2.25,1.50
2011.08.31 15:12:22.137,1.51936,1.51963,1.50,1.50
2011.08.31 15:12:22.259,1.5194,1.51975,1.50,1.50
2011.08.31 15:12:22.815,1.51943,1.51975,2.25,1.50
2011.08.31 15:12:23.959,1.51951,1.51975,1.50,1.50
2011.08.31 15:12:24.439,1.51954,1.51975,1.50,1.50
2011.08.31 15:12:24.664,1.51948,1.51975,1.50,1.50
2011.08.31 15:12:24.784,1.51948,1.51978,1.50,1.50
2011.08.31 15:12:24.906,1.51954,1.51978,1.50,1.50
2011.08.31 15:12:25.574,1.5196,1.51988,1.50,2.25
2011.08.31 15:12:25.803,1.51954,1.51988,1.50,2.25
2011.08.31 15:12:26.147,1.51954,1.51974,1.50,1.50
2011.08.31 15:12:26.269,1.51946,1.51983,2.25,1.50
2011.08.31 15:12:26.388,1.5195,1.51988,1.50,2.25
2011.08.31 15:12:26.862,1.51958,1.51992,1.50,1.50
2011.08.31 15:12:27.206,1.51972,1.52,1.50,1.50
2011.08.31 15:12:27.765,1.51972,1.5199,1.50,1.50
2011.08.31 15:12:27.884,1.51963,1.5199,1.50,1.50
2011.08.31 15:12:28.116,1.51965,1.52,1.50,1.84
2011.08.31 15:12:28.236,1.51968,1.52,1.50,1.84
2011.08.31 15:12:28.357,1.51968,1.52,1.50,1.50
2011.08.31 15:12:29.025,1.51967,1.52,1.50,1.50
2011.08.31 15:12:29.635,1.51967,1.52,1.50,1.50
2011.08.31 15:12:30.084,1.51971,1.52,1.50,1.50
2011.08.31 15:12:30.425,1.51971,1.5198,1.50,1.50
2011.08.31 15:12:30.545,1.51958,1.5198,1.50,1.50
2011.08.31 15:12:30.776,1.5195,1.5198,1.50,1.50
2011.08.31 15:12:30.893,1.51952,1.5198,1.50,1.50
2011.08.31 15:12:31.565,1.51944,1.51972,1.50,1.50
2011.08.31 15:12:32.083,1.51953,1.51981,1.50,3.00
2011.08.31 15:12:33.523,1.51957,1.51981,1.50,1.50
2011.08.31 15:12:34.086,1.51949,1.51978,1.50,2.25
2011.08.31 15:12:34.831,1.51952,1.51971,1.50,1.09
2011.08.31 15:12:34.964,1.51936,1.51959,1.50,1.50
2011.08.31 15:12:35.319,1.51932,1.51958,1.50,1.50
2011.08.31 15:12:35.440,1.51935,1.51965,1.50,1.50
2011.08.31 15:12:37.617,1.51936,1.51968,1.50,3.00
2011.08.31 15:12:38.188,1.51935,1.51965,1.50,1.50
2011.08.31 15:12:38.307,1.5194,1.51961,1.50,1.50
2011.08.31 15:12:38.427,1.51935,1.51961,1.50,1.50
2011.08.31 15:12:38.548,1.51935,1.51952,1.50,1.50
2011.08.31 15:12:38.775,1.51929,1.51952,1.50,1.50
2011.08.31 15:12:39.008,1.51917,1.51946,2.25,1.50
2011.08.31 15:12:39.126,1.51919,1.51948,1.50,1.50
2011.08.31 15:12:39.573,1.51917,1.51944,2.25,1.50
2011.08.31 15:12:40.105,1.51922,1.51952,1.50,1.50
2011.08.31 15:12:40.337,1.51922,1.51957,2.25,1.50
2011.08.31 15:12:40.569,1.51929,1.51958,1.50,2.25
2011.08.31 15:12:40.903,1.51929,1.51962,3.00,2.25
2011.08.31 15:12:41.564,1.51929,1.51962,1.50,2.25
2011.08.31 15:12:42.020,1.51925,1.51958,2.25,1.50
2011.08.31 15:12:42.434,1.51916,1.51942,1.88,1.50
2011.08.31 15:12:42.570,1.5192,1.51948,1.50,1.50
2011.08.31 15:12:42.920,1.5192,1.51955,2.25,1.50
2011.08.31 15:12:43.039,1.5192,1.51948,1.50,1.50
2011.08.31 15:12:43.155,1.51911,1.51948,2.59,1.50
2011.08.31 15:12:43.529,1.51918,1.51948,1.50,1.50
2011.08.31 15:12:44.086,1.51927,1.51955,1.50,1.50
2011.08.31 15:12:45.449,1.51927,1.51954,1.50,1.13
2011.08.31 15:12:45.573,1.51912,1.51951,1.50,2.25
2011.08.31 15:12:45.698,1.51912,1.5195,1.50,1.50
2011.08.31 15:12:48.964,1.51912,1.51941,1.50,1.50
2011.08.31 15:12:49.084,1.51908,1.51941,1.50,2.25
2011.08.31 15:12:49.204,1.51906,1.51941,1.50,2.25
2011.08.31 15:12:53.403,1.51906,1.51935,1.50,1.50
2011.08.31 15:12:55.637,1.51906,1.51937,2.04,1.50
2011.08.31 15:12:56.251,1.51906,1.51938,2.04,1.50
2011.08.31 15:12:57.144,1.5191,1.51942,1.50,1.50
2011.08.31 15:12:57.377,1.51906,1.5194,1.50,2.25
2011.08.31 15:12:57.937,1.51911,1.51942,1.50,1.50
2011.08.31 15:12:58.385,1.51918,1.51942,1.50,1.50
2011.08.31 15:12:58.953,1.51918,1.51948,1.50,1.50
2011.08.31 15:12:59.543,1.51919,1.51948,1.50,1.50
2011.08.31 15:13:00.994,1.51923,1.51948,1.50,1.50
2011.08.31 15:13:01.777,1.51915,1.51947,1.50,2.25
2011.08.31 15:13:02.115,1.51923,1.51948,1.50,1.50
2011.08.31 15:13:02.584,1.51915,1.51947,1.50,2.25
2011.08.31 15:13:03.057,1.51912,1.51945,1.50,1.50
2011.08.31 15:13:03.617,1.51912,1.51944,1.50,1.50
2011.08.31 15:13:04.150,1.51912,1.51945,1.50,1.50
2011.08.31 15:13:04.941,1.51912,1.51944,1.50,1.50
2011.08.31 15:13:05.857,1.51905,1.51935,1.50,1.50
2011.08.31 15:13:05.977,1.51905,1.51935,1.50,1.50
2011.08.31 15:13:06.313,1.51905,1.51943,1.50,3.00
2011.08.31 15:13:06.433,1.51905,1.51936,1.50,1.50
2011.08.31 15:13:06.554,1.51905,1.51943,1.50,3.00
2011.08.31 15:13:08.565,1.51917,1.51943,1.50,1.50
2011.08.31 15:13:08.906,1.51905,1.51943,1.50,3.00
2011.08.31 15:13:09.147,1.51905,1.51937,1.50,1.50
2011.08.31 15:13:09.800,1.51908,1.51943,1.50,1.50
2011.08.31 15:13:10.521,1.51907,1.51946,1.50,2.25
2011.08.31 15:13:10.767,1.51913,1.51944,1.50,1.50
2011.08.31 15:13:11.108,1.51913,1.51951,1.50,1.88
2011.08.31 15:13:11.335,1.51919,1.51951,1.50,1.88
2011.08.31 15:13:11.455,1.51913,1.51951,1.50,3.38
2011.08.31 15:13:11.907,1.51913,1.51946,1.50,1.50
2011.08.31 15:13:12.145,1.51913,1.51951,1.50,1.50
2011.08.31 15:13:14.255,1.5191,1.51948,2.25,1.50
2011.08.31 15:13:14.373,1.51906,1.51942,2.25,2.25
2011.08.31 15:13:15.084,1.51905,1.51935,1.50,1.50
2011.08.31 15:13:15.427,1.51905,1.51943,3.00,3.00
2011.08.31 15:13:16.095,1.5191,1.51943,1.50,1.50
2011.08.31 15:13:16.438,1.51905,1.51943,3.00,1.50
2011.08.31 15:13:18.061,1.51915,1.51945,1.50,1.50
2011.08.31 15:13:18.191,1.51905,1.51939,1.13,2.25
2011.08.31 15:13:18.763,1.51905,1.51939,1.29,2.25
2011.08.31 15:13:19.327,1.51904,1.51939,3.54,2.25
2011.08.31 15:13:21.513,1.51904,1.51935,1.50,1.50
2011.08.31 15:13:21.967,1.51904,1.51937,1.50,1.50
2011.08.31 15:13:22.084,1.51904,1.51933,1.50,1.50
2011.08.31 15:13:22.753,1.51904,1.51937,1.50,1.50
2011.08.31 15:13:23.479,1.51904,1.51933,1.50,1.50
2011.08.31 15:13:23.596,1.51904,1.51938,1.50,1.50
2011.08.31 15:13:23.933,1.51904,1.51935,1.50,1.50
2011.08.31 15:13:24.273,1.51904,1.51933,1.50,1.50
2011.08.31 15:13:24.913,1.51904,1.51931,1.50,1.50
2011.08.31 15:13:25.252,1.51904,1.51929,1.50,1.50
2011.08.31 15:13:25.593,1.51904,1.51926,1.50,1.50
2011.08.31 15:13:26.240,1.51904,1.51937,1.50,1.50
2011.08.31 15:13:27.128,1.51904,1.5194,1.50,1.50
2011.08.31 15:13:27.246,1.51904,1.51944,1.50,2.63
2011.08.31 15:13:27.367,1.5191,1.51945,1.50,1.50
2011.08.31 15:13:27.705,1.5191,1.51943,1.50,1.50
2011.08.31 15:13:27.935,1.5191,1.51946,1.50,3.00
2011.08.31 15:13:28.496,1.5191,1.51945,1.50,1.50
2011.08.31 15:13:30.433,1.5191,1.51947,1.50,2.25
2011.08.31 15:13:30.992,1.5191,1.51945,1.50,1.50
2011.08.31 15:13:32.175,1.5191,1.51946,1.50,2.25
2011.08.31 15:13:32.403,1.5191,1.51944,1.50,1.50
2011.08.31 15:13:32.744,1.5191,1.5194,1.50,1.50
2011.08.31 15:13:32.863,1.5191,1.51945,1.50,1.50
2011.08.31 15:13:32.984,1.5191,1.5194,1.50,1.50
2011.08.31 15:13:33.105,1.5191,1.51946,3.00,2.25
2011.08.31 15:13:36.302,1.51913,1.51948,1.50,1.50
2011.08.31 15:13:36.906,1.51917,1.51948,1.50,1.50
2011.08.31 15:13:37.026,1.51911,1.51948,2.25,1.50
2011.08.31 15:13:37.432,1.51914,1.51948,1.50,3.00
2011.08.31 15:13:37.558,1.5191,1.51948,1.50,3.00
2011.08.31 15:13:37.677,1.51913,1.51948,2.25,3.00
2011.08.31 15:13:38.018,1.51927,1.51956,1.50,1.50
2011.08.31 15:13:38.143,1.51929,1.51962,1.50,3.00
2011.08.31 15:13:38.704,1.51929,1.51963,3.00,1.50
2011.08.31 15:13:38.826,1.51926,1.51961,1.50,2.25
2011.08.31 15:13:40.193,1.51926,1.51947,1.50,1.50
2011.08.31 15:13:40.318,1.51916,1.51947,1.50,1.50
2011.08.31 15:13:40.435,1.5191,1.5194,2.04,2.25
2011.08.31 15:13:40.774,1.51916,1.51948,2.25,1.50
2011.08.31 15:13:40.895,1.51916,1.5195,2.63,1.50
2011.08.31 15:13:41.016,1.51929,1.5195,1.50,1.50
2011.08.31 15:13:41.136,1.5193,1.51964,1.50,1.72
2011.08.31 15:13:41.364,1.51922,1.51957,1.50,1.50
2011.08.31 15:13:41.483,1.51922,1.5196,1.50,3.00
2011.08.31 15:13:44.005,1.51915,1.51948,2.79,2.25
2011.08.31 15:13:44.469,1.5192,1.51956,2.25,1.50
2011.08.31 15:13:44.587,1.51926,1.51959,1.50,2.25
2011.08.31 15:13:44.819,1.51919,1.51954,3.38,2.25
2011.08.31 15:13:45.369,1.51919,1.51952,2.04,1.50
2011.08.31 15:13:45.924,1.51919,1.51955,2.04,1.50
2011.08.31 15:13:49.001,1.51919,1.51949,1.50,1.50
2011.08.31 15:13:49.134,1.51922,1.51955,1.50,1.50
2011.08.31 15:13:49.816,1.51922,1.51958,1.50,3.00
2011.08.31 15:13:50.625,1.5192,1.51953,1.50,1.50
2011.08.31 15:13:50.970,1.51918,1.51946,1.29,1.50
2011.08.31 15:13:51.577,1.51917,1.51951,1.29,2.25
2011.08.31 15:13:53.367,1.5192,1.51953,1.50,1.50
2011.08.31 15:13:53.488,1.51917,1.51953,1.29,1.50
2011.08.31 15:13:54.506,1.51921,1.51957,1.50,2.25
2011.08.31 15:13:54.843,1.51921,1.51952,1.50,1.50
2011.08.31 15:13:54.962,1.51921,1.51958,1.50,2.25
2011.08.31 15:13:55.433,1.51921,1.51951,1.50,1.50
2011.08.31 15:13:55.553,1.51921,1.51958,1.50,2.25
2011.08.31 15:13:55.676,1.51921,1.51952,1.50,1.50
2011.08.31 15:13:56.126,1.51921,1.51957,1.50,2.25
2011.08.31 15:13:58.534,1.51929,1.51959,1.50,1.50
2011.08.31 15:13:59.647,1.51924,1.51953,2.25,1.50
2011.08.31 15:14:00.134,1.51924,1.5195,1.50,1.50
2011.08.31 15:14:00.272,1.51915,1.51948,1.29,2.25
2011.08.31 15:14:00.741,1.51918,1.51948,1.50,2.25
2011.08.31 15:14:01.073,1.51914,1.51948,2.25,2.25
2011.08.31 15:14:01.803,1.51919,1.5195,1.50,1.50
2011.08.31 15:14:02.363,1.51912,1.51941,1.50,1.50
2011.08.31 15:14:02.596,1.51914,1.51948,2.25,2.25
2011.08.31 15:14:04.023,1.51912,1.51946,1.50,1.50
2011.08.31 15:14:05.266,1.51915,1.51953,3.00,2.25
2011.08.31 15:14:05.384,1.51919,1.51953,1.50,1.50
2011.08.31 15:14:05.504,1.51914,1.51945,2.25,2.25
2011.08.31 15:14:05.887,1.51914,1.51945,1.50,2.25
2011.08.31 15:14:06.006,1.51918,1.51953,3.00,2.25
2011.08.31 15:14:08.512,1.5191,1.5194,1.50,2.25
2011.08.31 15:14:08.855,1.51903,1.5193,2.04,1.50
2011.08.31 15:14:09.083,1.51905,1.51934,1.50,1.50
2011.08.31 15:14:09.205,1.51905,1.51938,2.25,2.25
2011.08.31 15:14:09.324,1.51905,1.51938,2.25,1.50
2011.08.31 15:14:10.063,1.51903,1.5193,1.50,1.50
2011.08.31 15:14:10.184,1.519,1.5193,1.50,1.50
2011.08.31 15:14:10.419,1.51897,1.51929,1.29,1.50
2011.08.31 15:14:10.642,1.51904,1.51939,2.25,2.25
2011.08.31 15:14:11.340,1.51905,1.51938,2.25,1.50
2011.08.31 15:14:12.335,1.51912,1.51941,1.50,1.50
2011.08.31 15:14:12.565,1.51906,1.51939,1.50,2.25
2011.08.31 15:14:13.124,1.51904,1.51939,2.25,2.25
2011.08.31 15:14:13.905,1.51897,1.51926,2.04,1.50
2011.08.31 15:14:14.476,1.51894,1.51923,2.04,1.50
2011.08.31 15:14:14.706,1.519,1.5193,1.50,1.50
2011.08.31 15:14:14.933,1.51903,1.5193,1.50,1.50
2011.08.31 15:14:15.053,1.51904,1.51939,2.25,2.25
2011.08.31 15:14:16.313,1.51915,1.51944,1.50,2.25
2011.08.31 15:14:16.433,1.51915,1.51944,1.50,1.50
2011.08.31 15:14:17.715,1.51919,1.51946,1.50,2.25
2011.08.31 15:14:18.527,1.51912,1.5194,1.50,1.50
2011.08.31 15:14:18.649,1.51909,1.5194,1.50,1.50
2011.08.31 15:14:18.984,1.51905,1.51938,2.25,2.25
2011.08.31 15:14:20.515,1.51911,1.51938,1.50,1.50
2011.08.31 15:14:20.635,1.51915,1.51944,1.50,1.50
2011.08.31 15:14:21.086,1.51914,1.51952,2.25,2.25
2011.08.31 15:14:21.207,1.51919,1.51952,1.50,1.50
2011.08.31 15:14:22.980,1.51924,1.51954,1.50,2.25
2011.08.31 15:14:24.734,1.51925,1.51955,1.50,3.00
2011.08.31 15:14:25.297,1.51924,1.51955,1.50,1.50
2011.08.31 15:14:26.304,1.51919,1.51948,3.00,1.50
2011.08.31 15:14:27.029,1.51921,1.51948,1.50,1.50
2011.08.31 15:14:28.177,1.51919,1.51948,3.00,1.50
2011.08.31 15:14:28.514,1.51933,1.51962,1.50,2.63
2011.08.31 15:14:28.637,1.51933,1.51962,1.50,1.88
2011.08.31 15:14:28.755,1.51929,1.51955,1.50,1.50
2011.08.31 15:14:28.878,1.51925,1.51955,1.50,1.50
2011.08.31 15:14:31.104,1.5193,1.51958,1.50,1.50
2011.08.31 15:14:31.664,1.51929,1.51958,1.50,1.50
2011.08.31 15:14:32.624,1.51925,1.51955,1.50,1.50
2011.08.31 15:14:33.301,1.51925,1.51952,1.50,1.50
2011.08.31 15:14:33.413,1.51919,1.51948,1.50,1.50
2011.08.31 15:14:33.803,1.51919,1.51945,1.50,1.50
2011.08.31 15:14:34.033,1.51911,1.51941,2.04,1.50
2011.08.31 15:14:35.004,1.51911,1.51941,2.04,1.50
2011.08.31 15:14:35.563,1.51911,1.51941,2.04,1.50
2011.08.31 15:14:35.795,1.51914,1.51941,2.04,1.50
2011.08.31 15:14:35.916,1.51919,1.51948,1.50,1.50
2011.08.31 15:14:36.806,1.51924,1.51952,1.50,1.50
2011.08.31 15:14:37.552,1.51928,1.51952,1.50,1.50
2011.08.31 15:14:38.264,1.5192,1.51947,1.50,1.50
2011.08.31 15:14:40.670,1.51923,1.51952,1.50,1.50
2011.08.31 15:14:41.008,1.51923,1.51954,2.25,2.25
2011.08.31 15:14:41.234,1.51918,1.51949,1.50,1.50
2011.08.31 15:14:41.357,1.51919,1.51951,2.25,1.50
2011.08.31 15:14:44.784,1.51924,1.51954,1.50,1.50
2011.08.31 15:14:44.910,1.51924,1.5196,3.00,1.50
2011.08.31 15:14:46.046,1.5193,1.51966,1.50,3.00
2011.08.31 15:14:46.627,1.51933,1.51965,1.50,2.25
2011.08.31 15:14:48.884,1.5193,1.51966,1.50,3.00
2011.08.31 15:14:49.453,1.51934,1.51966,1.50,1.50
2011.08.31 15:14:50.744,1.5193,1.51966,1.50,3.38
2011.08.31 15:14:51.085,1.51921,1.51954,2.04,1.50
2011.08.31 15:14:51.423,1.51916,1.51952,1.50,2.25
2011.08.31 15:14:52.109,1.51924,1.51956,1.50,1.50
2011.08.31 15:14:52.443,1.51931,1.51965,1.50,1.09
2011.08.31 15:14:53.202,1.51931,1.51967,1.50,5.09
2011.08.31 15:14:53.797,1.51931,1.51967,1.50,4.50
2011.08.31 15:14:54.567,1.51934,1.51967,1.50,4.50
2011.08.31 15:14:55.068,1.51935,1.51966,1.50,2.25
2011.08.31 15:14:55.774,1.51935,1.51967,1.50,4.50
2011.08.31 15:14:56.405,1.51939,1.51966,1.50,2.25
2011.08.31 15:14:56.543,1.51935,1.51966,1.50,2.25
2011.08.31 15:14:57.105,1.51935,1.51966,1.50,1.34
2011.08.31 15:14:57.223,1.51936,1.51967,1.50,1.50
2011.08.31 15:14:57.675,1.51934,1.51968,1.50,2.25
2011.08.31 15:14:57.903,1.51936,1.51969,1.50,1.50
2011.08.31 15:15:01.055,1.51931,1.51966,1.50,1.50
2011.08.31 15:15:01.397,1.51935,1.51969,1.50,1.50
2011.08.31 15:15:01.738,1.51927,1.51962,1.13,2.25
2011.08.31 15:15:01.855,1.51924,1.51959,1.29,1.50
2011.08.31 15:15:01.976,1.51929,1.51959,1.50,1.50
2011.08.31 15:15:02.315,1.51935,1.51959,1.50,1.50
2011.08.31 15:15:02.546,1.51936,1.51972,1.50,1.50
2011.08.31 15:15:02.948,1.51936,1.51967,1.50,1.50
2011.08.31 15:15:03.526,1.51936,1.51966,1.50,1.88
2011.08.31 15:15:04.525,1.51936,1.51971,1.50,2.25
2011.08.31 15:15:05.710,1.51936,1.51969,1.50,1.50
2011.08.31 15:15:05.826,1.51936,1.51967,1.50,1.50
2011.08.31 15:15:06.063,1.51928,1.51964,1.50,1.13
2011.08.31 15:15:06.188,1.5192,1.51943,1.50,1.50
2011.08.31 15:15:06.308,1.5192,1.51947,1.50,1.50
2011.08.31 15:15:06.428,1.5191,1.51938,2.04,1.50
2011.08.31 15:15:06.547,1.5191,1.51938,1.50,1.50
2011.08.31 15:15:06.668,1.51906,1.51934,1.50,1.50
2011.08.31 15:15:06.897,1.51915,1.5195,1.50,1.13
2011.08.31 15:15:07.654,1.51921,1.51951,1.50,1.50
2011.08.31 15:15:09.079,1.51921,1.51953,3.00,1.50
2011.08.31 15:15:09.202,1.51929,1.51963,1.50,1.50
2011.08.31 15:15:09.327,1.51927,1.51957,1.50,1.50
2011.08.31 15:15:09.555,1.51921,1.51954,1.50,1.50
2011.08.31 15:15:09.784,1.51939,1.51953,1.50,1.50
2011.08.31 15:15:09.905,1.51936,1.51964,2.25,1.88
2011.08.31 15:15:10.336,1.51928,1.51963,2.25,1.50
2011.08.31 15:15:10.473,1.51935,1.5196,1.50,1.50
2011.08.31 15:15:10.596,1.51935,1.51963,1.50,1.50
2011.08.31 15:15:10.824,1.5192,1.5195,1.50,2.25
2011.08.31 15:15:11.058,1.51927,1.51958,1.50,2.25
2011.08.31 15:15:11.723,1.51924,1.51954,2.25,1.50
2011.08.31 15:15:12.063,1.51926,1.51959,1.50,2.25
2011.08.31 15:15:13.278,1.51923,1.51953,2.25,1.50
2011.08.31 15:15:13.514,1.51922,1.51952,3.00,1.50
2011.08.31 15:15:14.267,1.51922,1.51949,1.50,1.50
2011.08.31 15:15:14.493,1.51918,1.51949,1.50,1.50
2011.08.31 15:15:14.614,1.51917,1.51949,1.50,1.50
2011.08.31 15:15:15.174,1.51917,1.51948,1.50,1.50
2011.08.31 15:15:16.942,1.51918,1.51949,1.50,3.00
2011.08.31 15:15:17.069,1.51916,1.51949,1.50,3.00
2011.08.31 15:15:19.553,1.51921,1.51949,1.50,1.50
2011.08.31 15:15:19.893,1.51917,1.51949,1.50,1.50
2011.08.31 15:15:21.541,1.5193,1.51959,1.50,1.50
2011.08.31 15:15:21.877,1.51934,1.51961,1.50,1.50
2011.08.31 15:15:22.216,1.51934,1.51953,1.50,1.50
2011.08.31 15:15:22.449,1.51926,1.51954,1.50,2.25
2011.08.31 15:15:22.564,1.51918,1.51949,2.25,1.50
2011.08.31 15:15:23.026,1.51917,1.51953,2.25,1.50
2011.08.31 15:15:23.715,1.51916,1.5195,1.50,1.50
2011.08.31 15:15:24.277,1.51918,1.51953,2.25,1.50
2011.08.31 15:15:24.509,1.51926,1.5195,1.50,1.50
2011.08.31 15:15:24.627,1.51931,1.51961,1.50,3.00
2011.08.31 15:15:24.857,1.51921,1.51957,1.50,3.00
2011.08.31 15:15:24.977,1.51921,1.51955,1.50,1.50
2011.08.31 15:15:25.805,1.51921,1.51955,1.50,1.50
2011.08.31 15:15:25.946,1.51927,1.51959,1.50,1.13
2011.08.31 15:15:26.754,1.51927,1.51962,1.50,4.72
2011.08.31 15:15:27.315,1.5193,1.51964,2.25,2.25
2011.08.31 15:15:27.654,1.51932,1.51965,1.50,1.50
2011.08.31 15:15:29.865,1.51927,1.51962,1.50,1.13
2011.08.31 15:15:35.507,1.5194,1.51962,1.50,1.50
2011.08.31 15:15:35.624,1.5194,1.51976,1.50,2.25
2011.08.31 15:15:35.965,1.51933,1.51971,1.50,1.50
2011.08.31 15:15:36.419,1.51933,1.51962,1.50,1.50
2011.08.31 15:15:36.537,1.51927,1.51962,1.50,2.25
2011.08.31 15:15:37.635,1.51943,1.51963,1.50,1.50
2011.08.31 15:15:37.863,1.51943,1.51978,2.25,1.50
2011.08.31 15:15:38.865,1.51949,1.51975,1.50,1.50
2011.08.31 15:15:39.095,1.51944,1.51972,2.25,1.50
2011.08.31 15:15:39.324,1.51948,1.51976,1.50,2.25
2011.08.31 15:15:40.592,1.51944,1.51972,2.63,1.50
2011.08.31 15:15:41.264,1.51944,1.51972,1.88,3.00
2011.08.31 15:15:41.385,1.51938,1.51967,1.50,1.50
2011.08.31 15:15:41.947,1.51942,1.51969,1.50,2.25
2011.08.31 15:15:42.287,1.51939,1.51966,1.50,1.50
2011.08.31 15:15:45.547,1.51942,1.51966,1.84,1.50
2011.08.31 15:15:45.665,1.51946,1.51974,1.50,1.50
2011.08.31 15:15:46.115,1.51938,1.51967,1.50,1.50
2011.08.31 15:15:47.076,1.51942,1.51967,1.50,1.50
2011.08.31 15:15:47.194,1.51947,1.51973,1.50,1.50
2011.08.31 15:15:47.315,1.51954,1.51978,1.50,1.50
2011.08.31 15:15:47.434,1.51954,1.5198,1.50,1.50
2011.08.31 15:15:47.553,1.51958,1.51983,1.50,1.13
2011.08.31 15:15:47.893,1.5196,1.51983,1.50,1.13
2011.08.31 15:15:48.125,1.51949,1.51983,3.00,2.63
2011.08.31 15:15:48.245,1.51943,1.51973,2.25,1.50
2011.08.31 15:15:48.374,1.51943,1.51973,1.50,2.25
2011.08.31 15:15:48.717,1.51957,1.51976,1.50,1.50
2011.08.31 15:15:49.159,1.51957,1.51988,1.50,2.25
2011.08.31 15:15:49.398,1.51957,1.51988,1.50,2.25
2011.08.31 15:15:49.933,1.51957,1.51988,1.50,2.25
2011.08.31 15:15:51.084,1.51957,1.51988,1.50,2.25
2011.08.31 15:15:51.644,1.51958,1.51989,1.50,1.88
2011.08.31 15:15:52.244,1.51958,1.51987,1.50,2.25
2011.08.31 15:15:53.227,1.51958,1.51981,1.50,1.50
2011.08.31 15:15:53.348,1.51954,1.51972,1.50,1.50
2011.08.31 15:15:53.579,1.51945,1.51969,1.50,1.50
2011.08.31 15:15:53.805,1.51943,1.51969,1.29,1.50
2011.08.31 15:15:53.923,1.51941,1.51969,1.29,1.50
2011.08.31 15:15:54.047,1.51941,1.51975,1.29,1.13
2011.08.31 15:15:54.275,1.51941,1.51976,1.29,2.25
2011.08.31 15:15:54.957,1.51941,1.51976,1.29,2.25
2011.08.31 15:15:55.079,1.51941,1.51966,1.29,1.50
2011.08.31 15:15:55.635,1.51941,1.51965,1.29,1.50
2011.08.31 15:15:55.978,1.51941,1.51963,1.29,1.50
2011.08.31 15:15:56.100,1.51941,1.51969,1.29,1.50
2011.08.31 15:15:56.327,1.51945,1.51977,1.50,3.00
2011.08.31 15:15:56.998,1.51944,1.51972,1.50,1.50
2011.08.31 15:15:58.026,1.51953,1.51982,1.50,2.25
2011.08.31 15:15:58.147,1.51953,1.51982,1.50,1.50
2011.08.31 15:15:58.265,1.51949,1.51982,1.50,1.50
2011.08.31 15:15:58.935,1.51944,1.51977,1.50,1.50
2011.08.31 15:15:59.494,1.51941,1.51977,1.50,1.50
2011.08.31 15:16:03.286,1.51942,1.51973,1.50,1.50
2011.08.31 15:16:03.408,1.51939,1.51966,1.50,1.50
2011.08.31 15:16:03.967,1.5194,1.51966,1.50,1.50
2011.08.31 15:16:05.554,1.5194,1.51976,2.25,1.50
2011.08.31 15:16:05.676,1.51948,1.51978,1.50,1.50
2011.08.31 15:16:06.015,1.51948,1.51981,3.00,1.50
2011.08.31 15:16:06.246,1.51948,1.51981,2.25,2.25
2011.08.31 15:16:06.366,1.5194,1.51977,3.00,2.25
2011.08.31 15:16:13.349,1.51943,1.51977,1.50,2.25
2011.08.31 15:16:13.465,1.51945,1.51977,1.50,2.25
2011.08.31 15:16:13.805,1.51947,1.51978,1.50,1.50
2011.08.31 15:16:14.766,1.5194,1.51977,1.50,2.25
2011.08.31 15:16:15.964,1.51946,1.51977,1.50,2.25
2011.08.31 15:16:16.306,1.51948,1.51978,1.50,1.50
2011.08.31 15:16:16.533,1.5194,1.51978,3.00,1.50
2011.08.31 15:16:20.645,1.51946,1.51978,1.50,1.50
2011.08.31 15:16:22.193,1.51948,1.51978,1.50,1.50
2011.08.31 15:16:22.933,1.51948,1.51984,2.25,1.50
2011.08.31 15:16:23.002,1.51954,1.51984,1.50,1.50
2011.08.31 15:16:24.307,1.51954,1.5199,2.25,1.50
2011.08.31 15:16:27.999,1.51954,1.51981,1.50,1.50
2011.08.31 15:16:28.116,1.51947,1.51978,1.50,1.50
2011.08.31 15:16:28.233,1.5195,1.51978,1.50,1.50
2011.08.31 15:16:28.353,1.51953,1.51988,2.25,3.00
2011.08.31 15:16:29.254,1.51954,1.51986,1.50,2.25
2011.08.31 15:16:30.435,1.51958,1.51988,1.50,1.50
2011.08.31 15:16:31.267,1.5196,1.51988,1.50,1.50
2011.08.31 15:16:31.714,1.51958,1.51988,1.50,1.50
2011.08.31 15:16:33.074,1.51959,1.51988,1.50,1.50
2011.08.31 15:16:33.634,1.51958,1.51988,1.50,1.50
2011.08.31 15:16:34.905,1.51959,1.51988,1.50,1.50
2011.08.31 15:16:35.879,1.51956,1.51987,1.50,2.25
2011.08.31 15:16:36.104,1.51954,1.51986,1.50,1.13
2011.08.31 15:16:36.335,1.51945,1.51977,1.50,1.50
2011.08.31 15:16:37.114,1.51945,1.51981,3.00,1.50
2011.08.31 15:16:37.456,1.51939,1.51977,2.25,2.25
2011.08.31 15:16:37.577,1.51937,1.51972,1.29,3.00
2011.08.31 15:16:38.274,1.51937,1.51972,1.29,3.00
2011.08.31 15:16:38.899,1.51937,1.51972,1.29,3.00
2011.08.31 15:16:39.467,1.5194,1.51972,1.50,3.00
2011.08.31 15:16:39.805,1.5194,1.51972,1.50,4.13
2011.08.31 15:16:39.926,1.51931,1.51966,1.29,1.50
2011.08.31 15:16:40.497,1.51931,1.51963,1.29,2.25
2011.08.31 15:16:41.350,1.51931,1.51963,1.29,2.25
2011.08.31 15:16:43.314,1.51928,1.51963,1.50,2.25
2011.08.31 15:16:45.585,1.51932,1.51966,1.50,1.50
2011.08.31 15:16:46.142,1.51928,1.51962,1.50,1.50
2011.08.31 15:16:46.706,1.51928,1.51963,1.50,2.25
2011.08.31 15:16:47.266,1.51932,1.51966,1.50,1.50
2011.08.31 15:16:48.123,1.51931,1.51963,2.25,2.25
2011.08.31 15:16:50.345,1.51932,1.51966,1.50,1.50
2011.08.31 15:16:52.095,1.51933,1.51966,1.50,1.50
2011.08.31 15:16:52.323,1.51935,1.51966,1.50,1.50
2011.08.31 15:16:52.667,1.51969,1.51981,1.13,2.25
2011.08.31 15:16:53.017,1.51964,1.52,1.50,1.50
2011.08.31 15:16:53.577,1.51964,1.52,1.50,1.88
2011.08.31 15:16:56.528,1.51964,1.51987,1.50,1.50
2011.08.31 15:16:56.647,1.51964,1.51992,1.50,2.25
2011.08.31 15:16:57.214,1.51959,1.51992,2.25,3.00
2011.08.31 15:16:57.724,1.51959,1.51992,1.50,3.00
2011.08.31 15:16:59.508,1.51956,1.51991,1.50,2.25
2011.08.31 15:17:00.177,1.51958,1.51992,1.50,1.50
2011.08.31 15:17:06.645,1.51956,1.51992,1.50,1.88
2011.08.31 15:17:06.998,1.51956,1.51987,3.00,1.50
2011.08.31 15:17:07.336,1.51961,1.51992,1.50,1.50
2011.08.31 15:17:08.407,1.5197,1.51998,1.50,1.13
2011.08.31 15:17:08.753,1.51961,1.51991,2.25,1.13
2011.08.31 15:17:09.313,1.51961,1.51991,1.50,1.50
2011.08.31 15:17:09.547,1.51959,1.51991,1.50,1.50
2011.08.31 15:17:09.778,1.51959,1.51971,1.50,1.50
2011.08.31 15:17:09.897,1.51944,1.5197,2.04,2.25
2011.08.31 15:17:10.760,1.51931,1.51964,1.29,2.25
2011.08.31 15:17:11.096,1.5193,1.51965,2.25,1.50
2011.08.31 15:17:13.699,1.5193,1.51958,1.50,1.50
2011.08.31 15:17:13.815,1.51924,1.51956,1.50,2.25
2011.08.31 15:17:15.036,1.51916,1.5195,2.25,1.50
2011.08.31 15:17:15.377,1.51922,1.5195,1.50,1.50
2011.08.31 15:17:16.686,1.51925,1.5195,1.50,1.50
2011.08.31 15:17:16.806,1.51925,1.51955,1.50,2.25
2011.08.31 15:17:17.035,1.51925,1.51955,1.50,3.00
2011.08.31 15:17:17.154,1.51917,1.51951,1.50,3.00
2011.08.31 15:17:18.048,1.51918,1.51951,1.50,1.50
2011.08.31 15:17:18.277,1.51918,1.51957,2.25,1.50
2011.08.31 15:17:18.394,1.5192,1.51958,1.50,1.88
2011.08.31 15:17:19.314,1.51926,1.51964,3.00,4.13
2011.08.31 15:17:19.654,1.51926,1.51962,3.00,1.50
2011.08.31 15:17:20.255,1.51926,1.51962,3.00,1.50
2011.08.31 15:17:21.034,1.51926,1.51961,3.00,2.25
2011.08.31 15:17:21.618,1.51926,1.51961,1.50,1.50
2011.08.31 15:17:21.738,1.51932,1.5196,1.50,1.50
2011.08.31 15:17:21.967,1.51932,1.51969,1.50,1.13
2011.08.31 15:17:22.317,1.51932,1.51969,1.50,1.13
2011.08.31 15:17:25.406,1.51931,1.51962,1.50,1.50
2011.08.31 15:17:25.526,1.51926,1.51962,2.25,1.50
2011.08.31 15:17:25.761,1.51926,1.51964,3.00,2.25
2011.08.31 15:17:25.876,1.51933,1.51969,1.50,2.25
2011.08.31 15:17:26.876,1.51933,1.51963,1.50,1.50
2011.08.31 15:17:27.798,1.51938,1.51968,1.50,2.25
2011.08.31 15:17:28.234,1.51933,1.51963,1.50,1.50
2011.08.31 15:17:28.587,1.51945,1.51977,1.50,1.50
2011.08.31 15:17:28.710,1.51945,1.51981,3.00,1.88
2011.08.31 15:17:29.048,1.51952,1.51983,1.50,2.63
2011.08.31 15:17:29.385,1.51946,1.51978,1.50,1.50
2011.08.31 15:17:29.727,1.51946,1.51974,1.50,1.50
2011.08.31 15:17:30.438,1.51946,1.5197,1.50,1.50
2011.08.31 15:17:30.571,1.51947,1.51975,2.25,1.50
2011.08.31 15:17:30.796,1.51949,1.51977,1.50,1.50
2011.08.31 15:17:31.027,1.51946,1.51976,3.00,1.50
2011.08.31 15:17:31.585,1.51946,1.51977,1.50,1.50
2011.08.31 15:17:31.929,1.51946,1.51971,1.50,1.50
2011.08.31 15:17:32.267,1.5194,1.51968,1.50,1.50
2011.08.31 15:17:33.851,1.51934,1.51966,3.00,1.50
2011.08.31 15:17:33.970,1.51944,1.51966,1.50,1.50
2011.08.31 15:17:34.195,1.51944,1.51979,1.50,2.25
2011.08.31 15:17:34.428,1.51939,1.51971,2.25,1.50
2011.08.31 15:17:34.655,1.51941,1.51977,3.00,1.50
2011.08.31 15:17:34.779,1.51946,1.51978,2.25,1.13
2011.08.31 15:17:35.518,1.51948,1.51984,1.50,1.50
2011.08.31 15:17:36.155,1.51948,1.51984,1.50,1.50
2011.08.31 15:17:36.500,1.51946,1.51975,1.50,1.50
2011.08.31 15:17:36.618,1.51941,1.51974,1.50,2.25
2011.08.31 15:17:36.740,1.51945,1.51974,1.50,1.50
2011.08.31 15:17:36.968,1.51946,1.5198,2.25,1.13
2011.08.31 15:17:37.195,1.51945,1.5198,3.00,2.25
2011.08.31 15:17:38.052,1.51946,1.5198,2.25,1.13
2011.08.31 15:17:38.394,1.51945,1.51975,1.50,1.50
2011.08.31 15:17:38.736,1.51945,1.5197,1.50,1.50
2011.08.31 15:17:39.076,1.51934,1.51962,2.25,1.50
2011.08.31 15:17:39.649,1.51928,1.5196,1.50,1.50
2011.08.31 15:17:39.767,1.51938,1.51968,1.50,1.50
2011.08.31 15:17:40.223,1.51929,1.5196,1.50,1.50
2011.08.31 15:17:40.570,1.51935,1.51965,1.50,2.25
2011.08.31 15:17:41.125,1.51934,1.51964,1.50,1.50
2011.08.31 15:17:41.248,1.51934,1.51962,1.50,1.50
2011.08.31 15:17:42.135,1.5193,1.5196,2.25,1.50
2011.08.31 15:17:44.185,1.5193,1.5196,2.25,2.59
2011.08.31 15:17:44.525,1.51911,1.51943,1.50,2.25
2011.08.31 15:17:44.647,1.51911,1.51939,1.50,1.50
2011.08.31 15:17:44.875,1.51902,1.51936,2.63,2.25
2011.08.31 15:17:45.217,1.51894,1.51934,3.00,3.00
2011.08.31 15:17:45.755,1.51894,1.51926,1.50,1.50
2011.08.31 15:17:46.083,1.51894,1.5193,1.88,1.50
2011.08.31 15:17:46.314,1.51901,1.5193,1.50,1.50
2011.08.31 15:17:48.418,1.51908,1.5194,1.50,2.25
2011.08.31 15:17:49.225,1.51897,1.51929,2.63,1.50
2011.08.31 15:17:49.785,1.51899,1.51931,1.50,2.25
2011.08.31 15:17:51.358,1.51898,1.51932,2.25,1.50
2011.08.31 15:17:51.949,1.51896,1.51923,1.50,1.50
2011.08.31 15:17:52.174,1.51898,1.51932,2.25,3.00
2011.08.31 15:17:52.295,1.51896,1.51925,1.50,1.50
2011.08.31 15:17:52.635,1.51896,1.51928,3.00,1.50
2011.08.31 15:17:53.198,1.51898,1.51932,2.25,3.00
2011.08.31 15:17:54.224,1.51898,1.5193,2.25,1.50
2011.08.31 15:17:54.356,1.51892,1.51923,1.50,1.50
2011.08.31 15:17:54.596,1.51894,1.51926,1.50,3.00
2011.08.31 15:17:55.706,1.51894,1.51926,2.25,2.25
2011.08.31 15:17:55.826,1.51898,1.51932,2.25,2.25
2011.08.31 15:17:55.947,1.51898,1.51926,1.50,1.50
2011.08.31 15:17:56.065,1.51893,1.51922,1.50,1.50
2011.08.31 15:17:56.186,1.51896,1.51922,1.50,1.50
2011.08.31 15:17:56.844,1.51899,1.51931,1.50,2.25
2011.08.31 15:17:57.087,1.51896,1.51926,3.00,1.50
2011.08.31 15:17:57.754,1.51896,1.51928,3.00,1.50
2011.08.31 15:17:57.875,1.51898,1.51932,1.50,3.00
2011.08.31 15:17:58.107,1.51896,1.51927,1.50,1.50
2011.08.31 15:17:58.447,1.51899,1.51931,1.50,2.25
2011.08.31 15:17:59.124,1.51903,1.51929,1.50,1.50
2011.08.31 15:17:59.360,1.51907,1.51941,1.50,1.50
2011.08.31 15:17:59.477,1.51906,1.51937,2.25,1.50
2011.08.31 15:17:59.927,1.51908,1.51941,1.50,1.50
2011.08.31 15:18:00.980,1.51908,1.51944,2.25,2.25
2011.08.31 15:18:01.095,1.51916,1.51945,1.50,1.50
2011.08.31 15:18:01.436,1.51912,1.51941,2.25,1.50
2011.08.31 15:18:02.096,1.51914,1.51943,2.25,1.50
2011.08.31 15:18:02.217,1.51915,1.51945,1.50,1.50
2011.08.31 15:18:02.338,1.51914,1.51941,2.25,1.50
2011.08.31 15:18:02.457,1.51916,1.51944,1.50,1.50
2011.08.31 15:18:07.855,1.51921,1.51949,1.50,3.75
2011.08.31 15:18:08.087,1.51917,1.51945,1.50,1.50
2011.08.31 15:18:08.725,1.51913,1.51942,2.25,1.50
2011.08.31 15:18:09.207,1.51916,1.51945,1.50,1.50
2011.08.31 15:18:09.573,1.51914,1.51941,1.50,1.50
2011.08.31 15:18:11.028,1.51916,1.51945,1.50,1.50
2011.08.31 15:18:12.388,1.51922,1.51955,1.50,3.34
2011.08.31 15:18:12.509,1.51922,1.51953,1.50,1.50
2011.08.31 15:18:12.628,1.51896,1.51915,1.29,1.50
2011.08.31 15:18:12.745,1.51898,1.51925,2.04,2.25
2011.08.31 15:18:12.868,1.51911,1.5194,1.50,1.50
2011.08.31 15:18:12.985,1.51908,1.51936,1.50,1.50
2011.08.31 15:18:13.104,1.51913,1.51944,1.50,1.50
2011.08.31 15:18:14.666,1.5192,1.51944,1.50,1.50
2011.08.31 15:18:15.185,1.51914,1.51948,2.25,1.50
2011.08.31 15:18:15.303,1.51914,1.51951,2.25,1.50
2011.08.31 15:18:17.435,1.51921,1.51955,1.50,1.13
2011.08.31 15:18:17.562,1.51921,1.51955,2.25,1.13
2011.08.31 15:18:17.906,1.51921,1.51956,1.50,1.50
2011.08.31 15:18:18.024,1.51913,1.5195,2.25,1.50
2011.08.31 15:18:18.257,1.51921,1.5195,1.50,1.50
2011.08.31 15:18:18.377,1.51914,1.5195,2.25,1.50
2011.08.31 15:18:20.986,1.51915,1.51947,1.09,2.25
2011.08.31 15:18:21.107,1.51931,1.51947,1.50,1.50
2011.08.31 15:18:21.224,1.51934,1.51965,1.50,1.50
2011.08.31 15:18:21.787,1.51934,1.51965,1.50,1.50
2011.08.31 15:18:22.694,1.51931,1.51958,3.00,2.25
2011.08.31 15:18:23.244,1.51931,1.51958,3.00,2.25
2011.08.31 15:18:23.828,1.51931,1.51958,3.00,2.25
2011.08.31 15:18:25.167,1.51931,1.51958,1.50,2.25
2011.08.31 15:18:25.724,1.51931,1.51958,1.50,2.25
2011.08.31 15:18:26.306,1.51931,1.51958,1.50,2.25
2011.08.31 15:18:26.427,1.51926,1.51954,1.50,1.50
2011.08.31 15:18:26.547,1.51922,1.51954,2.25,2.25
2011.08.31 15:18:26.667,1.51922,1.51954,1.50,2.25
2011.08.31 15:18:26.903,1.51922,1.51954,1.84,2.25
2011.08.31 15:18:27.484,1.51931,1.51958,2.25,2.25
2011.08.31 15:18:27.835,1.51936,1.51967,2.25,1.13
2011.08.31 15:18:28.446,1.51936,1.51967,2.25,1.13
2011.08.31 15:18:29.329,1.51936,1.51968,2.25,2.25
2011.08.31 15:18:30.886,1.51936,1.51968,2.25,3.00
2011.08.31 15:18:31.228,1.51919,1.51945,1.29,1.50
2011.08.31 15:18:31.346,1.51924,1.51959,2.63,1.50
2011.08.31 15:18:31.465,1.51927,1.51963,1.50,1.13
2011.08.31 15:18:31.696,1.51924,1.51958,1.88,1.50
2011.08.31 15:18:32.036,1.51923,1.51954,1.13,1.50
2011.08.31 15:18:32.586,1.51923,1.51954,1.13,1.50
2011.08.31 15:18:33.296,1.51916,1.51945,2.25,1.50
2011.08.31 15:18:34.177,1.51916,1.51945,2.25,1.84
2011.08.31 15:18:34.421,1.51904,1.5193,1.29,1.50
2011.08.31 15:18:34.650,1.51916,1.51944,1.50,1.50
2011.08.31 15:18:34.765,1.5191,1.5194,1.29,1.50
2011.08.31 15:18:34.884,1.51909,1.5194,1.29,2.25
2011.08.31 15:18:35.005,1.51911,1.5194,1.50,1.50
2011.08.31 15:18:35.127,1.51916,1.51945,1.50,1.50
2011.08.31 15:18:36.095,1.51919,1.51946,1.50,1.50
2011.08.31 15:18:36.340,1.5191,1.51941,1.50,1.50
2011.08.31 15:18:36.897,1.51906,1.51938,1.29,1.50
2011.08.31 15:18:37.017,1.51908,1.5194,2.04,2.25
2011.08.31 15:18:38.404,1.51909,1.5194,1.29,2.25
2011.08.31 15:18:38.527,1.51911,1.5194,1.50,1.50
2011.08.31 15:18:38.644,1.51916,1.51945,1.50,1.50
2011.08.31 15:18:45.508,1.51916,1.51945,1.50,2.25
2011.08.31 15:18:45.738,1.51909,1.51939,2.04,1.50
2011.08.31 15:18:46.715,1.51909,1.51939,2.04,1.50
2011.08.31 15:18:47.867,1.5191,1.51942,2.04,1.50
2011.08.31 15:18:49.319,1.5191,1.51942,2.04,1.50
2011.08.31 15:18:49.952,1.5191,1.5194,1.35,2.25
2011.08.31 15:18:51.287,1.51911,1.51929,1.29,1.50
2011.08.31 15:18:51.624,1.51911,1.51935,1.29,1.50
2011.08.31 15:18:51.853,1.51916,1.51952,1.13,1.50
2011.08.31 15:18:52.086,1.5191,1.51942,1.91,1.50
2011.08.31 15:18:52.207,1.51909,1.51942,1.29,1.50
2011.08.31 15:18:52.655,1.51912,1.51934,1.29,1.50
2011.08.31 15:18:52.780,1.51911,1.51941,1.29,1.50
2011.08.31 15:18:53.295,1.51912,1.51934,1.29,1.50
2011.08.31 15:18:53.731,1.51911,1.5193,1.29,1.50
2011.08.31 15:18:53.850,1.51911,1.51932,1.29,2.25
2011.08.31 15:18:53.967,1.51912,1.51927,1.29,2.25
2011.08.31 15:18:54.870,1.51911,1.51925,1.29,2.25
2011.08.31 15:18:55.096,1.51911,1.51929,1.29,1.50
