2011.04.06 19:00:00.219,1.56396,1.56451,1.39,1.43
2011.04.06 19:00:00.439,1.56403,1.56451,1.84,1.43
2011.04.06 19:00:00.550,1.56403,1.56458,1.84,2.18
2011.04.06 19:00:00.880,1.5641,1.56458,1.84,1.80
2011.04.06 19:00:01.100,1.5641,1.56458,2.22,1.43
2011.04.06 19:00:01.319,1.5641,1.56472,2.22,1.13
2011.04.06 19:00:01.539,1.5641,1.56469,1.84,1.65
2011.04.06 19:00:02.266,1.5641,1.56466,1.84,2.55
2011.04.06 19:00:04.859,1.56407,1.56464,1.24,1.95
2011.04.06 19:00:05.658,1.56405,1.56464,1.24,2.10
2011.04.06 19:00:06.588,1.56406,1.56464,1.39,2.70
2011.04.06 19:00:06.920,1.56406,1.56465,1.24,2.33
2011.04.06 19:00:07.140,1.56399,1.56459,1.13,1.43
2011.04.06 19:00:08.187,1.56401,1.56459,1.05,1.43
2011.04.06 19:00:09.049,1.56399,1.56459,1.28,1.58
2011.04.06 19:00:09.269,1.56398,1.56456,1.24,1.43
2011.04.06 19:00:09.721,1.56404,1.56456,1.99,1.43
2011.04.06 19:00:09.835,1.56415,1.56459,1.47,1.43
2011.04.06 19:00:09.952,1.56413,1.5647,1.13,1.47
2011.04.06 19:00:10.170,1.56408,1.56459,1.50,1.43
2011.04.06 19:00:10.718,1.56396,1.56459,1.17,1.43
2011.04.06 19:00:12.373,1.56403,1.56459,1.65,1.43
2011.04.06 19:00:12.588,1.56413,1.56474,1.09,2.33
2011.04.06 19:00:13.370,1.56414,1.56473,1.09,2.55
2011.04.06 19:00:14.402,1.56414,1.56473,1.24,1.95
2011.04.06 19:00:14.729,1.56421,1.56478,1.09,1.05
2011.04.06 19:00:16.207,1.56421,1.56475,1.09,1.05
2011.04.06 19:00:16.648,1.56422,1.56479,1.09,2.85
2011.04.06 19:00:17.336,1.56418,1.56472,1.84,1.95
2011.04.06 19:00:19.310,1.56422,1.56476,1.24,1.43
2011.04.06 19:00:20.390,1.56427,1.56484,1.09,1.58
2011.04.06 19:00:21.088,1.56423,1.56484,1.09,2.33
2011.04.06 19:00:21.198,1.56423,1.56483,1.09,1.13
2011.04.06 19:00:21.528,1.56422,1.56476,1.09,1.43
2011.04.06 19:00:21.979,1.56422,1.5647,1.09,1.43
2011.04.06 19:00:22.089,1.56422,1.56476,1.09,1.43
2011.04.06 19:00:23.994,1.56422,1.56476,1.09,1.58
2011.04.06 19:00:24.611,1.56422,1.56483,1.47,2.70
2011.04.06 19:00:26.461,1.56423,1.56483,1.24,2.48
2011.04.06 19:00:37.278,1.56427,1.56483,1.02,2.33
2011.04.06 19:00:39.171,1.56423,1.56483,1.24,1.05
2011.04.06 19:00:44.731,1.56423,1.56483,1.09,1.28
2011.04.06 19:00:44.839,1.56422,1.56476,1.24,1.43
2011.04.06 19:00:45.098,1.56421,1.56476,1.28,1.43
2011.04.06 19:00:45.539,1.56415,1.56476,1.09,1.95
2011.04.06 19:00:45.868,1.56415,1.56468,1.09,1.43
2011.04.06 19:00:50.138,1.56415,1.56466,1.09,1.43
2011.04.06 19:00:50.360,1.56409,1.56466,2.22,1.43
2011.04.06 19:00:53.889,1.56412,1.56474,1.09,1.43
2011.04.06 19:00:54.900,1.56413,1.56474,1.62,1.58
2011.04.06 19:00:55.450,1.56414,1.56474,1.09,1.43
2011.04.06 19:00:55.779,1.56415,1.56469,1.09,1.43
2011.04.06 19:00:56.108,1.56417,1.56469,1.84,1.43
2011.04.06 19:00:57.500,1.56422,1.56469,2.22,1.43
2011.04.06 19:00:57.609,1.56422,1.56477,2.22,1.43
2011.04.06 19:00:58.049,1.56419,1.5647,2.59,1.43
2011.04.06 19:00:58.600,1.56422,1.56477,1.43,1.43
2011.04.06 19:00:59.988,1.56422,1.56477,1.43,1.43
2011.04.06 19:01:00.951,1.56426,1.56477,1.02,1.43
2011.04.06 19:01:01.278,1.56427,1.56477,1.17,1.43
2011.04.06 19:01:09.249,1.56426,1.56477,1.02,1.43
2011.04.06 19:01:09.543,1.56426,1.56473,1.02,1.43
2011.04.06 19:01:09.869,1.56423,1.56473,1.13,1.43
2011.04.06 19:01:10.089,1.5642,1.56466,1.65,1.43
2011.04.06 19:01:10.419,1.56417,1.56466,1.39,1.43
2011.04.06 19:01:10.528,1.56417,1.56466,1.24,1.43
2011.04.06 19:01:10.639,1.56416,1.56466,1.24,1.43
2011.04.06 19:01:13.479,1.56416,1.56459,1.09,1.43
2011.04.06 19:01:13.589,1.56409,1.56459,1.13,1.43
2011.04.06 19:01:13.919,1.56407,1.56454,1.09,1.43
2011.04.06 19:01:14.468,1.56407,1.56453,1.84,1.43
2011.04.06 19:01:16.818,1.56413,1.56458,1.13,1.43
2011.04.06 19:01:17.367,1.56411,1.56458,1.13,1.58
2011.04.06 19:01:17.478,1.56407,1.56453,1.24,1.43
2011.04.06 19:01:20.909,1.56412,1.56463,1.13,1.73
2011.04.06 19:01:21.130,1.56407,1.56453,1.99,1.43
2011.04.06 19:01:23.159,1.5641,1.56458,1.13,1.58
2011.04.06 19:01:23.529,1.5641,1.56452,1.13,1.43
2011.04.06 19:01:24.299,1.56408,1.56458,1.09,1.43
2011.04.06 19:01:24.848,1.56412,1.56466,1.13,1.58
2011.04.06 19:01:24.960,1.56415,1.56466,1.50,1.43
2011.04.06 19:01:25.069,1.5641,1.56458,1.13,1.43
2011.04.06 19:01:26.503,1.5641,1.56464,2.03,1.58
2011.04.06 19:01:26.620,1.5641,1.56459,2.03,1.43
2011.04.06 19:01:29.679,1.56414,1.56463,1.50,1.58
2011.04.06 19:01:29.899,1.56409,1.56458,3.53,1.43
2011.04.06 19:01:32.759,1.56421,1.56458,1.09,1.43
2011.04.06 19:01:32.869,1.56421,1.56467,1.09,1.58
2011.04.06 19:01:33.458,1.56421,1.56467,1.09,1.58
2011.04.06 19:01:34.719,1.56421,1.56467,1.09,1.58
2011.04.06 19:01:37.999,1.56421,1.5647,1.09,1.58
2011.04.06 19:01:39.740,1.56421,1.5647,1.24,1.58
2011.04.06 19:01:40.128,1.56428,1.56472,1.47,1.43
2011.04.06 19:01:40.493,1.56425,1.56475,1.09,1.58
2011.04.06 19:01:40.818,1.56425,1.56475,1.09,1.73
2011.04.06 19:01:42.459,1.56424,1.56475,3.00,1.73
2011.04.06 19:01:42.789,1.56423,1.56474,2.40,1.58
2011.04.06 19:01:43.009,1.56423,1.56474,3.15,1.58
2011.04.06 19:01:49.250,1.56425,1.5647,1.50,1.43
2011.04.06 19:01:50.210,1.56421,1.5647,1.09,1.43
2011.04.06 19:01:50.319,1.56421,1.56474,1.09,1.43
2011.04.06 19:01:50.889,1.56421,1.56477,1.24,1.43
2011.04.06 19:01:51.000,1.56421,1.56462,1.24,1.43
2011.04.06 19:01:51.549,1.56414,1.56461,1.09,1.43
2011.04.06 19:01:59.060,1.56414,1.56462,1.09,1.43
2011.04.06 19:01:59.170,1.56414,1.56462,1.09,1.43
2011.04.06 19:02:01.619,1.56413,1.5647,1.09,2.07
2011.04.06 19:02:02.389,1.56405,1.56462,1.09,1.43
2011.04.06 19:02:02.500,1.56405,1.56454,1.09,1.43
2011.04.06 19:02:04.481,1.56394,1.56454,2.25,2.18
2011.04.06 19:02:04.919,1.56393,1.56448,2.25,1.43
2011.04.06 19:02:05.366,1.56393,1.56448,2.25,2.18
2011.04.06 19:02:06.079,1.56393,1.56448,2.25,2.33
2011.04.06 19:02:06.794,1.56393,1.56448,2.25,2.33
2011.04.06 19:02:07.139,1.56394,1.56448,2.25,2.33
2011.04.06 19:02:10.158,1.56394,1.56448,2.25,2.33
2011.04.06 19:02:12.669,1.56392,1.5644,1.09,1.43
2011.04.06 19:02:13.982,1.56384,1.5644,2.25,1.58
2011.04.06 19:02:14.700,1.56384,1.5644,2.25,1.73
2011.04.06 19:02:15.290,1.56384,1.5644,2.25,1.58
2011.04.06 19:02:15.399,1.56383,1.5644,2.25,2.33
2011.04.06 19:02:15.728,1.56384,1.56432,2.25,1.43
2011.04.06 19:02:17.960,1.56384,1.56432,2.25,2.33
2011.04.06 19:02:18.571,1.56386,1.56432,1.50,1.43
2011.04.06 19:02:18.679,1.56386,1.56447,1.50,2.33
2011.04.06 19:02:19.779,1.56388,1.56447,1.50,2.33
2011.04.06 19:02:20.359,1.56388,1.56447,1.50,2.33
2011.04.06 19:02:21.113,1.56388,1.56447,1.65,2.33
2011.04.06 19:02:23.576,1.56388,1.56447,1.50,2.33
2011.04.06 19:02:23.909,1.56402,1.5644,1.13,1.43
2011.04.06 19:02:24.960,1.56402,1.5644,1.13,1.58
2011.04.06 19:02:26.109,1.56402,1.5644,1.13,1.58
2011.04.06 19:02:29.919,1.56403,1.5644,1.13,1.58
2011.04.06 19:02:30.139,1.56397,1.5644,1.13,1.58
2011.04.06 19:02:31.349,1.56397,1.5643,1.13,1.43
2011.04.06 19:02:31.458,1.56397,1.56439,1.13,1.58
2011.04.06 19:02:34.020,1.56397,1.56436,1.13,1.58
2011.04.06 19:02:36.200,1.56384,1.56436,2.25,1.58
2011.04.06 19:02:36.310,1.56384,1.56432,2.25,1.84
2011.04.06 19:02:36.640,1.56387,1.56435,1.09,2.18
2011.04.06 19:02:36.859,1.56388,1.56435,1.50,1.43
2011.04.06 19:02:37.779,1.56388,1.56436,1.50,1.43
2011.04.06 19:02:38.261,1.56388,1.56436,1.50,1.58
2011.04.06 19:02:38.589,1.5638,1.56429,1.65,1.43
2011.04.06 19:02:38.943,1.56379,1.56425,1.24,1.43
2011.04.06 19:02:39.158,1.56387,1.56435,1.50,1.58
2011.04.06 19:02:40.085,1.56387,1.56435,1.50,1.58
2011.04.06 19:02:40.310,1.56387,1.56436,1.50,1.58
2011.04.06 19:02:41.623,1.56387,1.56436,1.50,1.58
2011.04.06 19:02:42.220,1.56384,1.56433,1.50,1.43
2011.04.06 19:02:42.440,1.56388,1.56435,1.50,1.43
2011.04.06 19:02:42.550,1.56388,1.56431,1.50,1.43
2011.04.06 19:02:43.866,1.56377,1.56423,1.09,1.43
2011.04.06 19:02:44.890,1.56373,1.56423,1.50,1.92
2011.04.06 19:02:45.219,1.56376,1.5642,1.50,1.43
2011.04.06 19:02:45.439,1.5638,1.56423,1.09,1.43
2011.04.06 19:02:50.349,1.56375,1.56423,1.99,1.43
2011.04.06 19:02:53.139,1.5638,1.56423,1.47,1.43
2011.04.06 19:02:53.249,1.5638,1.56432,1.47,1.77
2011.04.06 19:02:58.340,1.56385,1.56434,1.24,1.43
2011.04.06 19:02:59.110,1.56385,1.56434,1.09,1.58
2011.04.06 19:03:00.750,1.56385,1.56435,1.24,1.43
2011.04.06 19:03:00.968,1.56387,1.56438,1.24,1.58
2011.04.06 19:03:01.929,1.56385,1.56435,1.09,1.43
2011.04.06 19:03:02.980,1.56387,1.56424,1.09,1.43
2011.04.06 19:03:03.091,1.56387,1.56426,1.09,1.43
2011.04.06 19:03:03.200,1.56387,1.56429,1.09,1.43
2011.04.06 19:03:04.080,1.56387,1.56429,1.09,1.43
2011.04.06 19:03:04.551,1.56387,1.56426,1.09,1.43
2011.04.06 19:03:04.769,1.56387,1.56428,1.09,1.43
2011.04.06 19:03:05.758,1.56387,1.56428,1.09,1.43
2011.04.06 19:03:05.980,1.56387,1.56435,1.09,1.58
2011.04.06 19:03:06.311,1.56387,1.56435,1.09,1.43
2011.04.06 19:03:06.418,1.56387,1.56438,1.84,1.43
2011.04.06 19:03:14.241,1.56392,1.56438,1.09,1.43
2011.04.06 19:03:14.350,1.56391,1.56447,1.09,1.43
2011.04.06 19:03:14.462,1.56398,1.56447,1.09,1.43
2011.04.06 19:03:14.571,1.56398,1.56453,1.09,1.92
2011.04.06 19:03:14.680,1.56399,1.56453,1.13,1.92
2011.04.06 19:03:14.790,1.56399,1.56458,2.97,1.05
2011.04.06 19:03:15.341,1.56399,1.56457,2.97,2.33
2011.04.06 19:03:15.991,1.56399,1.56457,2.97,2.33
2011.04.06 19:03:17.249,1.56399,1.56457,2.97,2.48
2011.04.06 19:03:20.770,1.56416,1.56457,1.84,2.48
2011.04.06 19:03:20.882,1.56405,1.56457,1.09,1.73
2011.04.06 19:03:20.992,1.56424,1.56457,1.84,1.43
2011.04.06 19:03:21.211,1.56444,1.56494,1.13,1.05
2011.04.06 19:03:21.763,1.5645,1.56494,1.59,1.05
2011.04.06 19:03:22.750,1.56434,1.56494,1.09,1.05
2011.04.06 19:03:23.299,1.5645,1.56494,1.16,1.05
2011.04.06 19:03:29.210,1.5645,1.56495,1.50,2.18
2011.04.06 19:03:29.319,1.5646,1.56495,1.13,1.43
2011.04.06 19:03:29.429,1.5646,1.56509,1.13,1.05
2011.04.06 19:03:30.260,1.56459,1.56509,1.13,1.05
2011.04.06 19:03:30.529,1.56458,1.56509,1.13,1.05
2011.04.06 19:03:31.079,1.56459,1.56508,1.13,1.05
2011.04.06 19:03:33.221,1.56464,1.56523,2.22,1.05
2011.04.06 19:03:33.441,1.56462,1.56518,1.80,1.24
2011.04.06 19:03:33.550,1.5646,1.5651,1.09,1.43
2011.04.06 19:03:33.879,1.56449,1.56498,1.50,1.43
2011.04.06 19:03:34.211,1.56445,1.56494,1.09,1.43
2011.04.06 19:03:34.320,1.56445,1.56499,1.09,1.09
2011.04.06 19:03:34.541,1.56445,1.56494,1.09,1.43
2011.04.06 19:03:35.771,1.56445,1.56494,1.09,1.58
2011.04.06 19:03:36.669,1.56435,1.56494,1.24,1.58
2011.04.06 19:03:38.672,1.56435,1.56494,1.24,1.73
2011.04.06 19:03:38.921,1.56434,1.56494,1.24,1.73
2011.04.06 19:03:39.499,1.56436,1.56497,1.58,1.09
2011.04.06 19:03:39.609,1.56439,1.56502,1.09,2.33
2011.04.06 19:03:39.940,1.56434,1.56494,1.39,1.43
2011.04.06 19:03:43.181,1.56434,1.56494,1.09,1.58
2011.04.06 19:03:43.509,1.56432,1.56486,1.84,1.43
2011.04.06 19:03:43.619,1.56432,1.56495,2.59,2.18
2011.04.06 19:03:48.188,1.56439,1.56503,1.92,2.48
2011.04.06 19:03:49.172,1.56439,1.56503,2.07,2.48
2011.04.06 19:03:49.959,1.56442,1.56503,1.39,1.73
2011.04.06 19:03:50.179,1.56446,1.56509,2.33,1.54
2011.04.06 19:03:50.289,1.56446,1.56509,2.18,1.39
2011.04.06 19:03:50.828,1.56446,1.56509,2.33,1.39
2011.04.06 19:03:51.418,1.56446,1.56508,2.33,1.39
2011.04.06 19:03:51.967,1.56446,1.56505,2.33,1.24
2011.04.06 19:03:52.539,1.56439,1.56503,2.07,2.33
2011.04.06 19:03:52.979,1.56439,1.56503,1.77,2.33
2011.04.06 19:03:53.419,1.56432,1.56497,1.84,2.18
2011.04.06 19:03:53.971,1.5643,1.56494,2.33,1.09
2011.04.06 19:03:54.082,1.56424,1.56488,2.67,1.43
2011.04.06 19:03:54.410,1.56427,1.56488,1.24,1.43
2011.04.06 19:03:54.521,1.56432,1.56494,2.18,1.09
2011.04.06 19:03:55.729,1.56432,1.56493,1.05,2.33
2011.04.06 19:03:55.949,1.5643,1.56493,2.33,2.18
2011.04.06 19:03:56.170,1.5643,1.56493,2.33,2.48
2011.04.06 19:03:56.609,1.5643,1.56493,1.43,2.33
2011.04.06 19:03:56.893,1.56418,1.56482,1.24,1.43
2011.04.06 19:03:57.001,1.56424,1.56489,1.09,1.58
2011.04.06 19:03:58.080,1.56428,1.56489,1.84,1.43
2011.04.06 19:03:58.190,1.56432,1.56497,1.09,2.18
2011.04.06 19:03:58.299,1.56438,1.56497,1.09,2.18
2011.04.06 19:03:58.519,1.56439,1.56503,1.43,1.77
2011.04.06 19:03:59.699,1.56439,1.56503,1.58,1.92
2011.04.06 19:04:00.790,1.56439,1.56503,1.80,1.92
2011.04.06 19:04:01.119,1.56438,1.56497,1.47,2.18
2011.04.06 19:04:01.620,1.56435,1.56497,1.09,2.18
2011.04.06 19:04:03.011,1.56437,1.56497,1.02,2.33
2011.04.06 19:04:07.980,1.56439,1.56498,1.80,1.05
2011.04.06 19:04:08.310,1.56434,1.56492,1.50,2.52
2011.04.06 19:04:09.569,1.56433,1.56492,1.50,2.07
2011.04.06 19:04:10.329,1.56431,1.56492,2.55,2.07
2011.04.06 19:04:10.979,1.56431,1.56492,2.70,2.07
2011.04.06 19:04:11.089,1.56431,1.56492,2.70,1.92
2011.04.06 19:04:11.309,1.56431,1.56491,2.55,1.39
2011.04.06 19:04:11.640,1.56436,1.56493,1.43,1.39
2011.04.06 19:04:11.859,1.56431,1.56492,2.70,2.82
2011.04.06 19:04:12.519,1.56432,1.5649,1.13,1.39
2011.04.06 19:04:13.049,1.56432,1.5649,1.13,1.39
2011.04.06 19:04:13.551,1.56432,1.56492,1.13,2.07
2011.04.06 19:04:13.781,1.56432,1.56492,1.13,2.82
2011.04.06 19:04:14.638,1.56432,1.56492,1.28,2.07
2011.04.06 19:04:15.153,1.56432,1.5649,1.28,1.39
2011.04.06 19:04:16.149,1.56432,1.56492,1.28,2.82
2011.04.06 19:04:17.398,1.56431,1.56492,2.70,2.82
2011.04.06 19:04:18.070,1.56435,1.56495,2.18,1.54
2011.04.06 19:04:18.509,1.56431,1.56491,1.28,1.39
2011.04.06 19:04:19.406,1.56431,1.56492,1.28,1.39
2011.04.06 19:04:20.950,1.56436,1.56496,2.18,2.97
2011.04.06 19:04:21.419,1.56433,1.56493,1.13,2.97
2011.04.06 19:04:22.769,1.56438,1.56493,1.77,1.05
2011.04.06 19:04:24.693,1.56438,1.56497,1.77,1.05
2011.04.06 19:04:25.680,1.56438,1.56498,1.77,1.39
2011.04.06 19:04:27.930,1.56443,1.56498,1.92,1.24
2011.04.06 19:04:36.590,1.56441,1.56499,1.62,2.82
2011.04.06 19:04:37.029,1.56441,1.56499,1.62,2.97
2011.04.06 19:04:40.261,1.5644,1.56493,1.62,1.05
2011.04.06 19:04:49.019,1.56439,1.56467,1.92,1.50
2011.04.06 19:04:50.479,1.56439,1.56467,1.92,1.50
2011.04.06 19:04:51.895,1.56439,1.56467,1.92,1.50
2011.04.06 19:04:52.590,1.56439,1.56466,1.92,1.50
2011.04.06 19:04:55.131,1.56433,1.56467,1.77,1.50
2011.04.06 19:04:55.739,1.56427,1.56467,1.47,1.50
2011.04.06 19:04:56.317,1.56427,1.56467,1.47,1.50
2011.04.06 19:04:57.029,1.56433,1.56467,1.77,1.50
2011.04.06 19:04:57.359,1.5644,1.56467,1.43,1.50
2011.04.06 19:04:57.689,1.5644,1.56467,1.77,1.50
2011.04.06 19:04:58.219,1.5644,1.56467,1.77,1.50
2011.04.06 19:04:59.991,1.56441,1.56467,2.74,1.50
2011.04.06 19:05:00.540,1.56441,1.56467,2.59,1.50
2011.04.06 19:05:00.760,1.56444,1.56467,2.18,1.50
2011.04.06 19:05:00.871,1.56439,1.56466,1.09,1.50
2011.04.06 19:05:01.789,1.56433,1.56467,1.13,1.50
2011.04.06 19:05:02.412,1.56429,1.56467,1.50,1.50
2011.04.06 19:05:02.958,1.56429,1.56467,1.50,1.50
2011.04.06 19:05:03.221,1.56441,1.56467,1.84,1.50
2011.04.06 19:05:03.659,1.56444,1.56494,1.09,1.58
2011.04.06 19:05:04.430,1.5644,1.56498,2.18,2.14
2011.04.06 19:05:04.540,1.56433,1.56498,3.64,4.32
2011.04.06 19:05:05.089,1.56431,1.56491,3.42,1.24
2011.04.06 19:05:06.602,1.56436,1.56495,1.62,1.39
2011.04.06 19:05:06.710,1.56436,1.56497,1.62,2.82
2011.04.06 19:05:07.099,1.5644,1.56493,1.09,1.73
2011.04.06 19:05:09.529,1.56445,1.56496,1.84,1.58
2011.04.06 19:05:09.811,1.56446,1.56498,1.09,1.43
2011.04.06 19:05:11.969,1.56452,1.56506,1.09,2.07
2011.04.06 19:05:16.730,1.56451,1.56505,1.09,2.22
2011.04.06 19:05:17.220,1.56448,1.56505,1.24,2.07
2011.04.06 19:05:41.284,1.56445,1.56499,1.84,1.73
2011.04.06 19:05:42.869,1.56445,1.56495,1.84,1.73
2011.04.06 19:05:45.259,1.56445,1.56501,1.99,2.33
2011.04.06 19:05:47.499,1.56448,1.56501,1.24,1.58
2011.04.06 19:05:48.513,1.56448,1.56501,1.09,1.73
2011.04.06 19:05:50.169,1.56448,1.56501,1.09,1.58
2011.04.06 19:05:50.389,1.56445,1.56494,1.84,1.43
2011.04.06 19:05:52.991,1.56445,1.56501,1.84,1.20
2011.04.06 19:06:01.769,1.56441,1.56495,1.24,2.07
2011.04.06 19:06:29.049,1.5644,1.56485,1.24,1.43
2011.04.06 19:06:44.339,1.56439,1.56483,1.24,1.43
2011.04.06 19:06:44.669,1.56439,1.56492,1.24,1.58
2011.04.06 19:06:45.331,1.56436,1.56487,1.99,1.43
2011.04.06 19:06:45.659,1.56436,1.56482,1.99,1.43
2011.04.06 19:06:48.519,1.56436,1.56487,1.99,1.43
2011.04.06 19:06:48.631,1.56436,1.56483,1.99,1.43
2011.04.06 19:06:50.030,1.56436,1.56484,1.99,1.43
2011.04.06 19:06:50.139,1.56438,1.56492,1.77,1.43
2011.04.06 19:06:50.437,1.56443,1.56491,1.84,1.43
2011.04.06 19:06:50.554,1.56443,1.56495,1.84,2.33
2011.04.06 19:06:51.970,1.56443,1.56495,1.84,1.58
2011.04.06 19:07:06.581,1.56443,1.56497,1.84,1.73
2011.04.06 19:07:09.731,1.56443,1.56497,1.99,1.58
2011.04.06 19:07:11.912,1.56448,1.56501,1.77,2.82
2011.04.06 19:07:14.003,1.56448,1.56495,1.43,1.24
2011.04.06 19:07:14.111,1.56439,1.56493,1.92,1.92
2011.04.06 19:07:17.733,1.56439,1.56493,1.92,2.18
2011.04.06 19:07:18.060,1.56448,1.565,1.43,1.39
2011.04.06 19:07:19.892,1.56448,1.56501,1.43,2.82
2011.04.06 19:07:21.762,1.56448,1.56499,1.43,1.54
2011.04.06 19:07:21.871,1.56442,1.56498,1.92,2.22
2011.04.06 19:07:21.981,1.56442,1.56498,1.92,1.92
2011.04.06 19:07:31.572,1.56442,1.56497,1.77,1.39
2011.04.06 19:07:33.683,1.56435,1.5649,1.92,1.73
2011.04.06 19:07:46.621,1.56444,1.56497,1.43,1.54
2011.04.06 19:07:46.841,1.56444,1.56498,1.43,4.31
2011.04.06 19:07:47.061,1.56444,1.56498,1.77,2.48
2011.04.06 19:07:48.898,1.56444,1.56498,1.92,2.33
2011.04.06 19:08:10.965,1.56444,1.56498,1.77,2.33
2011.04.06 19:08:11.075,1.56448,1.56499,1.43,1.39
2011.04.06 19:08:14.181,1.56448,1.56501,1.43,1.99
2011.04.06 19:08:14.401,1.56441,1.56496,1.92,2.18
2011.04.06 19:08:15.151,1.56441,1.56496,1.92,2.18
2011.04.06 19:08:16.593,1.56441,1.56493,1.92,1.05
2011.04.06 19:08:22.884,1.56444,1.56493,1.09,1.05
2011.04.06 19:08:22.991,1.56444,1.56496,1.09,2.18
2011.04.06 19:08:23.100,1.56456,1.56501,1.43,1.84
2011.04.06 19:08:23.430,1.56448,1.56501,1.43,1.24
2011.04.06 19:08:25.272,1.56448,1.56501,1.43,2.14
2011.04.06 19:08:25.492,1.56448,1.56501,1.58,1.61
2011.04.06 19:08:25.602,1.56448,1.56499,1.43,1.09
2011.04.06 19:08:25.712,1.56442,1.56495,1.77,1.43
2011.04.06 19:08:26.282,1.56442,1.56495,1.77,2.18
2011.04.06 19:08:26.839,1.56442,1.56495,1.92,2.33
2011.04.06 19:08:28.907,1.56442,1.56494,1.77,1.05
2011.04.06 19:08:29.892,1.56442,1.56493,1.92,1.05
2011.04.06 19:08:30.751,1.56436,1.56491,1.92,2.07
2011.04.06 19:08:30.862,1.56436,1.56491,2.07,1.92
2011.04.06 19:08:33.430,1.56436,1.56491,1.77,2.29
2011.04.06 19:08:33.539,1.56432,1.56483,1.09,1.43
2011.04.06 19:08:34.521,1.56433,1.56483,1.09,1.43
2011.04.06 19:08:34.849,1.56443,1.56496,1.43,2.74
2011.04.06 19:08:35.870,1.56443,1.56496,1.77,1.24
2011.04.06 19:08:36.089,1.56449,1.56496,1.43,1.24
2011.04.06 19:08:39.162,1.56449,1.56493,1.43,1.24
2011.04.06 19:08:39.492,1.56427,1.5648,2.14,2.52
2011.04.06 19:08:40.812,1.56434,1.56484,1.77,1.05
2011.04.06 19:08:41.982,1.56434,1.56487,1.77,2.82
2011.04.06 19:08:43.731,1.56434,1.56487,2.14,1.77
2011.04.06 19:08:45.056,1.56434,1.56487,1.77,1.92
2011.04.06 19:08:45.733,1.56434,1.56487,1.77,1.77
2011.04.06 19:08:45.951,1.56432,1.56483,1.99,1.43
2011.04.06 19:08:46.996,1.56432,1.56483,1.84,1.58
2011.04.06 19:08:57.394,1.56432,1.56483,1.84,1.73
2011.04.06 19:08:57.732,1.56427,1.56476,1.24,1.43
2011.04.06 19:08:57.841,1.56429,1.56483,1.77,1.73
2011.04.06 19:09:00.256,1.56429,1.56483,1.92,1.73
2011.04.06 19:09:10.212,1.56434,1.56486,1.43,1.39
2011.04.06 19:09:18.081,1.56428,1.56484,1.92,1.73
2011.04.06 19:09:27.091,1.56428,1.56482,1.92,1.99
2011.04.06 19:09:27.201,1.56426,1.56476,1.09,1.77
2011.04.06 19:09:28.214,1.56422,1.56476,1.99,1.92
2011.04.06 19:09:29.901,1.56422,1.56476,1.84,2.07
2011.04.06 19:09:32.343,1.56424,1.56476,1.62,1.77
2011.04.06 19:09:34.861,1.56428,1.56482,1.92,1.99
2011.04.06 19:09:40.772,1.56428,1.56482,1.77,2.37
2011.04.06 19:09:41.761,1.56422,1.56471,1.84,1.43
2011.04.06 19:09:50.792,1.56419,1.56471,1.09,1.43
2011.04.06 19:09:52.451,1.56412,1.56471,2.18,1.80
2011.04.06 19:09:52.561,1.56412,1.56468,1.43,1.13
2011.04.06 19:09:52.670,1.56408,1.56457,1.62,1.43
2011.04.06 19:09:53.784,1.56408,1.56457,1.62,1.43
2011.04.06 19:09:55.421,1.56413,1.56457,2.97,1.43
2011.04.06 19:09:55.531,1.56413,1.56463,2.97,1.58
2011.04.06 19:09:55.752,1.5642,1.56467,1.09,1.43
2011.04.06 19:09:56.410,1.56422,1.56467,1.09,1.43
2011.04.06 19:09:58.031,1.56418,1.56467,1.24,1.43
2011.04.06 19:09:58.361,1.56418,1.56463,1.09,1.43
2011.04.06 19:10:01.673,1.56414,1.56463,1.09,1.73
2011.04.06 19:10:01.781,1.56413,1.56463,2.74,1.43
2011.04.06 19:10:01.893,1.56413,1.56452,2.59,1.43
2011.04.06 19:10:02.111,1.56413,1.56463,2.59,1.43
2011.04.06 19:10:02.221,1.56413,1.56458,2.59,1.43
2011.04.06 19:10:02.794,1.56413,1.56463,2.59,1.58
2011.04.06 19:10:06.441,1.56413,1.56463,1.24,1.58
2011.04.06 19:10:06.551,1.56413,1.56459,1.24,1.43
2011.04.06 19:10:09.214,1.56412,1.56459,1.24,1.43
2011.04.06 19:10:11.432,1.56413,1.56462,1.47,1.43
2011.04.06 19:10:11.692,1.56416,1.56471,1.13,1.43
2011.04.06 19:10:13.452,1.56423,1.56477,1.80,1.58
2011.04.06 19:10:13.561,1.56423,1.56477,1.80,1.43
2011.04.06 19:10:14.221,1.56423,1.56477,2.55,1.43
2011.04.06 19:10:16.241,1.56419,1.56469,1.28,1.43
2011.04.06 19:10:16.462,1.56416,1.56469,1.73,1.43
2011.04.06 19:10:17.403,1.56416,1.56469,2.48,1.43
2011.04.06 19:10:17.731,1.56426,1.56477,1.99,1.43
2011.04.06 19:10:17.842,1.56431,1.56485,1.13,2.18
2011.04.06 19:10:18.283,1.56431,1.56482,1.47,1.80
2011.04.06 19:10:18.612,1.56444,1.56497,2.14,1.88
2011.04.06 19:10:18.725,1.56439,1.5649,1.47,1.43
2011.04.06 19:10:19.951,1.56436,1.5649,2.89,1.43
2011.04.06 19:10:20.062,1.56433,1.56484,1.09,1.43
2011.04.06 19:10:20.391,1.56437,1.56491,1.09,1.77
2011.04.06 19:10:20.612,1.56439,1.56488,1.13,1.84
2011.04.06 19:10:20.942,1.56438,1.56474,1.13,1.43
2011.04.06 19:10:21.162,1.56441,1.56497,1.77,3.04
2011.04.06 19:10:21.271,1.56441,1.56497,2.52,2.44
2011.04.06 19:10:21.601,1.56442,1.56496,1.43,1.92
2011.04.06 19:10:22.321,1.56447,1.56496,1.84,1.43
2011.04.06 19:10:22.431,1.5645,1.56503,1.77,1.58
2011.04.06 19:10:23.223,1.5645,1.56503,1.77,1.73
2011.04.06 19:10:32.623,1.56455,1.56503,1.09,1.73
2011.04.06 19:10:32.732,1.56456,1.56503,1.24,1.43
2011.04.06 19:10:32.952,1.56464,1.56514,1.43,1.50
2011.04.06 19:10:33.819,1.56457,1.56511,1.77,1.43
2011.04.06 19:10:34.981,1.56457,1.56511,2.07,1.58
2011.04.06 19:10:45.711,1.56458,1.56513,1.58,1.39
2011.04.06 19:10:48.756,1.56458,1.56513,1.43,1.39
2011.04.06 19:10:48.981,1.56457,1.56513,1.58,2.67
2011.04.06 19:10:51.281,1.56457,1.56508,1.43,1.02
2011.04.06 19:10:51.612,1.56447,1.56499,1.77,1.43
2011.04.06 19:10:51.722,1.56451,1.56509,1.92,2.07
2011.04.06 19:10:52.820,1.56451,1.56509,2.07,2.07
2011.04.06 19:10:53.212,1.56451,1.56509,1.92,2.07
2011.04.06 19:10:54.491,1.56451,1.56509,2.07,2.07
2011.04.06 19:10:56.703,1.56451,1.56508,2.22,1.24
2011.04.06 19:10:59.301,1.56452,1.5651,1.02,2.18
2011.04.06 19:10:59.412,1.56455,1.5651,1.02,1.43
2011.04.06 19:10:59.521,1.5646,1.56514,1.58,1.28
2011.04.06 19:10:59.631,1.56452,1.56509,2.07,1.43
2011.04.06 19:11:00.352,1.56452,1.56509,2.22,1.43
2011.04.06 19:11:00.680,1.56452,1.56509,2.22,2.18
2011.04.06 19:11:01.454,1.56452,1.56509,2.07,2.33
2011.04.06 19:11:01.991,1.56452,1.56509,2.44,2.18
2011.04.06 19:11:02.102,1.5646,1.56517,1.43,3.04
2011.04.06 19:11:03.192,1.56452,1.56509,2.59,2.18
2011.04.06 19:11:03.303,1.56459,1.56513,1.58,2.33
2011.04.06 19:11:05.011,1.56459,1.56513,1.58,2.33
2011.04.06 19:11:07.002,1.56463,1.56514,1.43,1.05
2011.04.06 19:11:07.111,1.56459,1.56513,1.58,2.33
2011.04.06 19:11:11.581,1.56459,1.56513,1.58,2.67
2011.04.06 19:11:13.244,1.56454,1.56508,1.88,1.77
2011.04.06 19:11:13.354,1.56454,1.56508,1.73,1.92
2011.04.06 19:11:13.682,1.56459,1.56512,1.92,1.24
2011.04.06 19:11:17.402,1.56454,1.56505,1.39,1.43
2011.04.06 19:11:18.758,1.56452,1.56505,3.27,1.58
2011.04.06 19:11:19.392,1.56452,1.56505,3.42,1.73
2011.04.06 19:11:23.722,1.56452,1.56505,1.58,1.73
2011.04.06 19:11:25.797,1.56445,1.56502,2.07,1.43
2011.04.06 19:11:27.450,1.56445,1.56502,1.92,1.58
2011.04.06 19:11:28.053,1.56445,1.56502,2.07,2.33
2011.04.06 19:11:31.032,1.56445,1.56502,2.07,1.43
2011.04.06 19:11:32.713,1.56445,1.56502,2.29,1.58
2011.04.06 19:11:33.759,1.56452,1.56505,1.43,1.73
2011.04.06 19:11:34.437,1.56452,1.56505,1.58,1.73
2011.04.06 19:11:38.761,1.56456,1.56505,1.09,1.73
2011.04.06 19:11:38.982,1.56467,1.56516,1.43,3.00
2011.04.06 19:11:39.202,1.56458,1.56513,1.77,1.13
2011.04.06 19:11:40.957,1.56458,1.56513,1.92,1.43
2011.04.06 19:12:00.491,1.56458,1.56514,1.77,2.10
2011.04.06 19:12:00.601,1.56455,1.56506,1.09,1.43
2011.04.06 19:12:00.931,1.56458,1.56514,1.77,1.73
2011.04.06 19:12:01.531,1.56458,1.56514,1.77,2.25
2011.04.06 19:12:03.461,1.56452,1.56505,1.92,1.73
2011.04.06 19:12:04.119,1.56452,1.56505,1.92,1.73
2011.04.06 19:12:08.832,1.56444,1.56499,1.28,1.77
2011.04.06 19:12:09.054,1.56439,1.56493,1.09,1.77
2011.04.06 19:12:09.274,1.56432,1.56487,2.18,1.84
2011.04.06 19:12:09.871,1.56428,1.56484,2.67,1.77
2011.04.06 19:12:10.440,1.56428,1.56483,1.92,1.09
2011.04.06 19:12:12.501,1.56428,1.56483,1.92,1.39
2011.04.06 19:12:15.452,1.56428,1.5648,1.77,1.09
2011.04.06 19:12:15.672,1.56426,1.5648,1.92,1.09
2011.04.06 19:12:16.001,1.56434,1.56483,1.43,1.24
2011.04.06 19:12:18.139,1.56434,1.56483,1.43,1.24
2011.04.06 19:12:30.414,1.56434,1.56481,1.58,1.09
2011.04.06 19:12:30.523,1.56434,1.56481,1.43,1.24
2011.04.06 19:12:30.633,1.56434,1.5648,1.43,1.24
2011.04.06 19:12:30.852,1.56434,1.5648,1.43,1.24
2011.04.06 19:12:31.073,1.56433,1.56484,1.43,1.24
2011.04.06 19:12:32.401,1.56426,1.5648,1.92,1.09
2011.04.06 19:12:34.287,1.56426,1.56478,1.92,1.05
2011.04.06 19:12:37.872,1.56426,1.56478,1.92,1.80
2011.04.06 19:12:38.092,1.56412,1.56465,2.14,1.43
2011.04.06 19:12:38.311,1.56418,1.56472,1.77,1.09
2011.04.06 19:12:38.862,1.56427,1.56474,1.43,1.24
2011.04.06 19:12:39.191,1.56418,1.56472,1.77,1.24
2011.04.06 19:12:40.981,1.56418,1.56472,1.92,1.09
2011.04.06 19:12:41.904,1.56418,1.56472,1.92,1.24
2011.04.06 19:12:44.751,1.56418,1.56473,1.77,2.82
2011.04.06 19:12:45.684,1.56418,1.56471,1.77,1.09
2011.04.06 19:12:45.792,1.56413,1.56465,1.09,1.43
2011.04.06 19:12:46.963,1.56412,1.56465,1.77,1.58
2011.04.06 19:12:47.913,1.56412,1.56465,1.92,1.73
2011.04.06 19:12:58.843,1.56412,1.56465,2.14,1.73
2011.04.06 19:12:58.957,1.56414,1.5647,2.14,2.18
2011.04.06 19:12:59.074,1.56422,1.56471,1.43,1.09
2011.04.06 19:12:59.621,1.56422,1.56475,3.27,1.95
2011.04.06 19:12:59.971,1.56422,1.56475,3.27,2.10
2011.04.06 19:13:00.512,1.56422,1.56475,3.27,1.73
2011.04.06 19:13:04.789,1.56424,1.56476,1.43,1.39
2011.04.06 19:13:05.122,1.56416,1.5647,1.77,2.33
2011.04.06 19:13:05.701,1.56416,1.5647,1.92,2.18
2011.04.06 19:13:06.698,1.56416,1.56469,1.92,1.65
2011.04.06 19:13:08.533,1.56412,1.56467,1.77,3.08
2011.04.06 19:13:08.862,1.56414,1.56463,1.77,1.05
2011.04.06 19:13:11.381,1.56414,1.56461,1.92,1.50
2011.04.06 19:13:11.601,1.56416,1.56467,1.92,1.65
2011.04.06 19:13:11.933,1.56416,1.56461,1.77,1.50
2011.04.06 19:13:12.152,1.56401,1.56455,2.14,2.18
2011.04.06 19:13:12.481,1.56408,1.5646,1.77,1.50
2011.04.06 19:13:13.120,1.56408,1.5646,1.77,1.50
2011.04.06 19:13:13.749,1.56408,1.5646,1.77,1.65
2011.04.06 19:13:16.922,1.564,1.56445,2.37,1.43
2011.04.06 19:13:17.033,1.56396,1.56445,1.05,1.43
2011.04.06 19:13:17.750,1.56391,1.56444,2.82,1.43
2011.04.06 19:13:19.482,1.56397,1.56449,1.05,2.18
2011.04.06 19:13:20.509,1.56392,1.56449,1.88,2.18
2011.04.06 19:13:20.952,1.56392,1.56449,1.58,2.55
2011.04.06 19:13:21.062,1.56392,1.56446,1.58,1.13
2011.04.06 19:13:21.394,1.564,1.56456,1.43,1.50
2011.04.06 19:13:21.611,1.56392,1.56449,2.33,1.43
2011.04.06 19:13:22.163,1.56392,1.56449,1.43,2.18
2011.04.06 19:13:22.381,1.56395,1.56449,1.13,1.43
2011.04.06 19:13:22.933,1.56399,1.56455,1.09,1.43
2011.04.06 19:13:23.044,1.56406,1.56459,1.43,1.43
2011.04.06 19:13:23.936,1.56406,1.56459,1.58,1.95
2011.04.06 19:13:25.541,1.56406,1.56459,1.73,1.80
2011.04.06 19:13:25.871,1.56407,1.56464,1.73,2.93
2011.04.06 19:13:26.333,1.56407,1.56464,1.73,3.08
2011.04.06 19:13:30.021,1.56407,1.56464,1.88,2.93
2011.04.06 19:13:30.661,1.56407,1.56464,1.88,2.18
2011.04.06 19:13:31.329,1.56407,1.56464,1.58,2.33
2011.04.06 19:13:31.662,1.56407,1.56464,1.58,2.33
2011.04.06 19:13:32.086,1.56405,1.56458,1.73,1.43
2011.04.06 19:13:32.983,1.56405,1.56458,1.58,1.43
2011.04.06 19:13:33.092,1.56406,1.56458,1.28,1.43
2011.04.06 19:13:33.201,1.56408,1.56468,2.18,1.77
2011.04.06 19:13:34.752,1.56408,1.56468,2.33,1.77
2011.04.06 19:13:35.347,1.56409,1.56468,1.05,1.77
2011.04.06 19:13:36.314,1.56408,1.56468,2.33,1.77
2011.04.06 19:13:36.692,1.56408,1.56468,2.18,2.14
2011.04.06 19:13:36.801,1.56404,1.56459,2.67,1.43
2011.04.06 19:13:37.941,1.56404,1.56459,2.82,1.43
2011.04.06 19:13:39.283,1.56404,1.56459,2.44,1.43
2011.04.06 19:13:39.394,1.56407,1.56464,1.58,2.18
2011.04.06 19:13:39.503,1.56408,1.56467,1.28,1.77
2011.04.06 19:13:39.613,1.56408,1.56467,1.13,1.77
2011.04.06 19:13:39.722,1.56409,1.56467,1.09,1.43
2011.04.06 19:13:40.052,1.56404,1.56463,2.59,1.43
2011.04.06 19:13:40.572,1.56404,1.56463,2.59,2.18
2011.04.06 19:13:41.511,1.56402,1.56462,2.67,1.09
2011.04.06 19:13:42.230,1.56402,1.5646,1.24,1.77
2011.04.06 19:13:44.781,1.56397,1.5646,1.39,1.77
2011.04.06 19:13:57.416,1.56397,1.5645,1.39,1.43
2011.04.06 19:14:00.963,1.56393,1.5645,2.14,1.58
2011.04.06 19:14:03.791,1.56396,1.5645,1.02,1.43
2011.04.06 19:14:04.011,1.56399,1.56458,2.67,2.18
2011.04.06 19:14:04.921,1.56399,1.56458,2.82,2.33
2011.04.06 19:14:05.892,1.56399,1.56458,2.97,2.18
2011.04.06 19:14:08.254,1.56399,1.56458,2.82,2.33
2011.04.06 19:14:10.141,1.56406,1.56459,1.43,1.09
2011.04.06 19:14:10.362,1.56406,1.56465,2.52,2.18
2011.04.06 19:14:11.502,1.56406,1.56465,2.82,2.18
2011.04.06 19:14:12.541,1.56406,1.56465,2.97,2.18
2011.04.06 19:14:21.246,1.56406,1.56465,2.82,2.33
2011.04.06 19:14:22.195,1.56406,1.56465,2.97,2.33
2011.04.06 19:14:24.011,1.56407,1.56465,1.17,2.18
2011.04.06 19:14:24.231,1.56415,1.56468,1.58,1.09
2011.04.06 19:14:24.341,1.5641,1.56464,1.05,1.43
2011.04.06 19:14:25.083,1.56407,1.56464,2.22,2.18
2011.04.06 19:14:26.572,1.56408,1.56464,1.43,1.43
2011.04.06 19:14:26.682,1.56415,1.56468,1.58,1.09
2011.04.06 19:14:27.288,1.56408,1.56467,2.85,1.43
2011.04.06 19:14:27.934,1.56408,1.56467,3.00,1.43
2011.04.06 19:14:28.954,1.56408,1.56467,3.15,1.43
2011.04.06 19:14:33.731,1.56408,1.56467,2.85,1.43
2011.04.06 19:14:33.951,1.56407,1.56461,1.17,1.43
2011.04.06 19:14:35.015,1.56407,1.56461,1.02,1.43
2011.04.06 19:14:41.454,1.56406,1.56461,1.17,1.43
2011.04.06 19:14:42.695,1.56406,1.56461,1.17,1.43
2011.04.06 19:14:44.522,1.56406,1.56461,1.39,1.43
2011.04.06 19:14:44.742,1.56402,1.56452,1.92,1.43
2011.04.06 19:14:45.073,1.56402,1.56456,2.07,1.43
2011.04.06 19:14:45.183,1.56402,1.56456,1.39,1.43
2011.04.06 19:14:45.294,1.56402,1.56453,1.39,1.43
2011.04.06 19:14:47.254,1.56402,1.56453,1.54,1.43
2011.04.06 19:14:50.460,1.56402,1.56453,1.39,1.43
2011.04.06 19:14:54.122,1.56407,1.56457,1.24,1.43
2011.04.06 19:14:54.232,1.56407,1.56457,1.24,1.43
2011.04.06 19:14:54.342,1.56401,1.56452,1.54,1.43
2011.04.06 19:14:54.453,1.56401,1.56452,1.39,1.43
2011.04.06 19:14:54.671,1.56405,1.56461,2.29,2.33
2011.04.06 19:14:54.783,1.56406,1.56461,1.02,2.18
2011.04.06 19:14:55.493,1.56406,1.56457,1.02,1.43
2011.04.06 19:14:56.896,1.56406,1.56457,1.17,1.43
2011.04.06 19:14:58.943,1.56408,1.56456,1.05,1.43
2011.04.06 19:14:59.056,1.56408,1.56456,1.50,1.43
2011.04.06 19:14:59.162,1.56413,1.56464,1.13,1.43
2011.04.06 19:15:00.041,1.56413,1.56464,1.28,1.43
2011.04.06 19:15:09.811,1.56414,1.56465,1.39,1.43
2011.04.06 19:15:11.363,1.56412,1.56462,1.39,1.43
2011.04.06 19:15:11.581,1.56414,1.56469,2.07,2.33
2011.04.06 19:15:12.848,1.56414,1.56469,2.07,1.58
2011.04.06 19:15:13.622,1.56414,1.56469,1.92,1.73
2011.04.06 19:15:14.283,1.56411,1.56464,2.82,1.92
2011.04.06 19:15:19.522,1.56411,1.56464,1.92,1.24
2011.04.06 19:15:19.742,1.56406,1.56459,1.02,1.43
2011.04.06 19:15:19.851,1.56409,1.56463,1.92,2.18
2011.04.06 19:15:20.530,1.56409,1.56463,1.92,2.18
2011.04.06 19:15:21.408,1.56409,1.56463,1.92,2.18
2011.04.06 19:15:24.161,1.56409,1.56463,2.29,2.33
2011.04.06 19:15:24.273,1.56409,1.56463,2.29,2.18
2011.04.06 19:15:24.492,1.56417,1.5647,1.43,1.92
2011.04.06 19:15:24.932,1.56409,1.56463,2.67,1.43
2011.04.06 19:15:25.372,1.56405,1.56458,1.77,1.43
2011.04.06 19:15:25.702,1.56405,1.56457,1.77,1.13
2011.04.06 19:15:26.031,1.56403,1.56452,1.84,1.43
2011.04.06 19:15:26.141,1.56397,1.56452,1.02,1.43
2011.04.06 19:15:28.493,1.56396,1.56452,3.57,1.58
2011.04.06 19:15:30.643,1.56404,1.56456,1.43,1.39
2011.04.06 19:15:30.862,1.56397,1.56452,2.14,1.43
2011.04.06 19:15:32.367,1.56404,1.56459,1.43,2.07
2011.04.06 19:15:32.994,1.56404,1.56459,1.58,2.07
2011.04.06 19:15:44.302,1.56404,1.56459,2.07,1.58
2011.04.06 19:15:44.911,1.56404,1.56459,1.92,1.73
2011.04.06 19:15:45.132,1.56404,1.56459,2.07,1.58
2011.04.06 19:15:45.491,1.56404,1.56459,1.92,1.73
2011.04.06 19:15:47.212,1.56404,1.56459,2.29,1.43
2011.04.06 19:15:47.432,1.56408,1.56468,1.77,2.14
2011.04.06 19:15:48.536,1.56408,1.56468,1.43,2.14
2011.04.06 19:15:48.952,1.56404,1.56459,1.43,1.43
2011.04.06 19:15:50.996,1.56404,1.56459,1.58,1.58
2011.04.06 19:15:51.832,1.56404,1.56459,1.43,1.58
2011.04.06 19:15:52.890,1.56404,1.56459,1.58,1.73
2011.04.06 19:15:53.602,1.56407,1.56463,1.58,1.39
2011.04.06 19:15:54.752,1.56407,1.56464,1.43,3.19
2011.04.06 19:15:54.982,1.564,1.56458,1.09,1.43
2011.04.06 19:15:56.849,1.564,1.56458,1.24,1.58
2011.04.06 19:16:01.951,1.564,1.56458,1.62,1.58
2011.04.06 19:16:02.063,1.56407,1.56461,1.43,1.58
2011.04.06 19:16:28.232,1.56406,1.56462,1.43,1.95
2011.04.06 19:16:28.451,1.564,1.56453,1.24,1.43
2011.04.06 19:16:33.182,1.564,1.56453,1.09,1.58
2011.04.06 19:16:34.314,1.564,1.56453,1.24,1.73
2011.04.06 19:16:36.902,1.564,1.56453,1.24,1.43
2011.04.06 19:16:38.174,1.564,1.56453,1.09,1.73
2011.04.06 19:16:39.264,1.564,1.56453,1.24,1.58
2011.04.06 19:16:39.951,1.564,1.56453,1.62,1.58
2011.04.06 19:16:40.062,1.56406,1.56462,1.43,1.58
2011.04.06 19:16:40.987,1.56406,1.56462,1.58,1.58
2011.04.06 19:16:41.870,1.56406,1.56462,1.43,1.58
2011.04.06 19:16:42.232,1.56406,1.56462,1.58,1.58
2011.04.06 19:16:42.692,1.56414,1.56464,1.43,1.09
2011.04.06 19:16:43.132,1.56407,1.56461,1.95,1.43
2011.04.06 19:16:44.992,1.56407,1.56461,1.43,1.58
2011.04.06 19:16:51.723,1.56407,1.56461,1.43,1.43
2011.04.06 19:16:52.274,1.56407,1.5646,1.43,1.43
2011.04.06 19:16:52.491,1.56406,1.56465,2.33,2.33
2011.04.06 19:16:52.711,1.56406,1.56465,1.73,2.33
2011.04.06 19:17:09.713,1.56409,1.56461,1.24,1.43
2011.04.06 19:17:13.762,1.56407,1.5646,2.67,1.43
2011.04.06 19:17:13.872,1.56407,1.56465,1.24,2.33
2011.04.06 19:17:19.421,1.56406,1.56465,2.97,2.18
2011.04.06 19:17:19.531,1.56406,1.56465,2.82,2.33
2011.04.06 19:17:19.641,1.56407,1.5646,2.07,1.43
2011.04.06 19:17:24.183,1.5641,1.5646,1.02,1.43
2011.04.06 19:17:24.402,1.56414,1.5647,1.09,2.18
2011.04.06 19:17:24.512,1.56421,1.56476,1.43,1.43
2011.04.06 19:17:24.622,1.56421,1.56476,2.18,1.43
2011.04.06 19:17:27.006,1.56422,1.56476,1.05,1.43
2011.04.06 19:17:33.233,1.5642,1.56467,1.13,1.43
2011.04.06 19:17:33.453,1.56419,1.56467,1.28,1.43
2011.04.06 19:17:33.562,1.56421,1.56476,1.58,1.43
2011.04.06 19:17:33.672,1.56421,1.56476,2.33,1.43
2011.04.06 19:17:35.574,1.56421,1.56476,2.48,1.43
2011.04.06 19:17:39.217,1.56422,1.56477,2.33,1.43
2011.04.06 19:17:39.553,1.56422,1.56479,2.33,1.58
2011.04.06 19:17:40.552,1.56422,1.56479,2.33,1.58
2011.04.06 19:17:42.552,1.56422,1.56479,1.58,2.70
2011.04.06 19:17:42.663,1.56421,1.56474,1.05,1.43
2011.04.06 19:17:43.741,1.56421,1.5648,2.48,2.33
2011.04.06 19:17:49.772,1.56426,1.5648,1.05,1.43
2011.04.06 19:17:49.882,1.56427,1.56484,1.05,1.92
2011.04.06 19:17:49.992,1.56423,1.56484,2.33,2.44
2011.04.06 19:17:52.702,1.56427,1.56479,1.05,1.43
2011.04.06 19:17:52.921,1.56427,1.56489,1.05,1.77
2011.04.06 19:17:57.212,1.56432,1.56489,1.24,1.43
2011.04.06 19:17:57.322,1.56432,1.56489,1.24,1.43
2011.04.06 19:17:57.432,1.56433,1.56492,2.18,1.80
2011.04.06 19:17:57.762,1.56432,1.56489,1.24,1.43
2011.04.06 19:17:59.901,1.56432,1.56489,1.24,2.18
2011.04.06 19:18:00.233,1.56425,1.56481,2.52,1.13
2011.04.06 19:18:00.577,1.56426,1.5649,1.28,1.43
2011.04.06 19:18:02.542,1.56426,1.56487,1.43,1.43
2011.04.06 19:18:11.092,1.56427,1.5649,1.05,1.43
2011.04.06 19:18:11.642,1.56427,1.56487,1.05,1.43
2011.04.06 19:18:14.661,1.56427,1.56486,1.05,1.43
2011.04.06 19:18:14.772,1.56426,1.56486,2.70,2.55
2011.04.06 19:18:14.881,1.56426,1.56478,1.28,1.43
2011.04.06 19:18:15.818,1.56426,1.56478,1.28,1.43
2011.04.06 19:18:16.843,1.56426,1.56478,1.28,1.58
2011.04.06 19:18:22.646,1.56426,1.56478,1.28,1.58
2011.04.06 19:18:22.863,1.56432,1.56485,2.18,1.58
2011.04.06 19:18:23.212,1.56434,1.56487,1.43,1.58
2011.04.06 19:18:24.204,1.56434,1.56487,1.58,1.58
2011.04.06 19:18:38.202,1.56434,1.56487,1.43,1.95
2011.04.06 19:18:38.531,1.56425,1.56476,1.24,1.43
2011.04.06 19:18:39.933,1.56425,1.56476,1.24,1.43
2011.04.06 19:18:41.973,1.56422,1.56476,1.77,1.43
2011.04.06 19:18:42.082,1.56422,1.56476,1.43,1.43
2011.04.06 19:18:43.248,1.56422,1.56477,1.43,1.43
2011.04.06 19:18:43.983,1.56422,1.56477,1.43,1.58
2011.04.06 19:18:57.307,1.56422,1.56476,1.73,1.43
2011.04.06 19:19:02.502,1.56422,1.56477,1.73,1.43
2011.04.06 19:19:06.893,1.5642,1.56473,1.73,1.43
2011.04.06 19:19:07.002,1.5642,1.56473,1.58,1.58
2011.04.06 19:19:13.462,1.5642,1.56473,1.73,1.43
2011.04.06 19:19:18.650,1.5642,1.56473,2.33,1.58
2011.04.06 19:19:24.042,1.5642,1.56473,2.70,1.43
2011.04.06 19:19:24.152,1.56422,1.56484,1.43,1.92
2011.04.06 19:19:24.642,1.56419,1.56474,2.18,1.43
2011.04.06 19:19:25.272,1.56419,1.56474,2.33,1.43
2011.04.06 19:19:26.920,1.56419,1.56474,2.33,1.58
2011.04.06 19:19:29.401,1.5642,1.56474,1.05,1.43
2011.04.06 19:19:29.511,1.56419,1.56474,2.33,1.58
2011.04.06 19:19:31.002,1.56419,1.56474,2.48,1.58
2011.04.06 19:19:37.872,1.56419,1.56474,2.33,1.58
2011.04.06 19:19:50.229,1.56419,1.56474,2.18,1.73
2011.04.06 19:19:50.455,1.56419,1.56474,1.43,1.58
2011.04.06 19:19:50.565,1.56417,1.5647,1.43,1.77
2011.04.06 19:19:50.675,1.56411,1.56468,2.29,1.77
2011.04.06 19:19:50.894,1.5641,1.56464,1.62,1.43
2011.04.06 19:19:52.668,1.5641,1.56464,1.62,1.58
2011.04.06 19:19:56.073,1.56414,1.56473,1.58,2.18
2011.04.06 19:19:56.182,1.56414,1.56473,1.58,1.43
2011.04.06 19:20:03.634,1.56414,1.56473,2.33,1.43
2011.04.06 19:20:11.893,1.56414,1.56473,2.18,1.43
2011.04.06 19:20:12.112,1.5641,1.56468,1.24,1.43
2011.04.06 19:20:12.222,1.5641,1.56468,1.24,1.43
2011.04.06 19:20:16.173,1.56413,1.56468,1.13,1.43
2011.04.06 19:20:16.502,1.56419,1.56478,1.77,2.67
2011.04.06 19:20:18.936,1.56419,1.56478,1.77,2.67
2011.04.06 19:20:19.512,1.56422,1.56478,1.09,1.92
2011.04.06 19:20:22.252,1.56416,1.56476,2.55,1.43
2011.04.06 19:20:22.362,1.56413,1.56474,2.52,1.43
2011.04.06 19:20:23.113,1.56413,1.56474,2.52,1.58
2011.04.06 19:20:23.442,1.56413,1.56468,1.09,1.43
2011.04.06 19:20:26.962,1.56414,1.56473,2.18,1.58
2011.04.06 19:20:28.922,1.56414,1.56473,2.33,1.43
2011.04.06 19:20:32.889,1.56414,1.56473,2.18,1.43
2011.04.06 19:20:40.522,1.56414,1.56473,1.43,1.43
2011.04.06 19:20:46.292,1.56414,1.56473,1.58,1.43
2011.04.06 19:20:52.093,1.56414,1.56473,2.18,1.58
2011.04.06 19:20:55.994,1.56414,1.56473,2.33,1.43
2011.04.06 19:21:04.415,1.56414,1.56473,2.18,1.43
2011.04.06 19:21:04.742,1.56413,1.56468,1.09,1.43
2011.04.06 19:21:11.132,1.56414,1.56473,1.43,2.55
2011.04.06 19:21:11.241,1.56414,1.56473,2.18,1.80
2011.04.06 19:21:11.352,1.56414,1.56473,2.33,1.80
2011.04.06 19:21:13.863,1.56414,1.56473,2.18,1.95
2011.04.06 19:21:25.042,1.56414,1.56473,2.33,1.80
2011.04.06 19:21:25.602,1.56414,1.56473,2.18,1.95
2011.04.06 19:21:31.404,1.56425,1.56477,1.77,1.13
2011.04.06 19:21:32.293,1.56425,1.56478,1.77,2.10
2011.04.06 19:21:32.624,1.56425,1.56479,2.59,1.95
2011.04.06 19:21:33.173,1.56431,1.56485,1.77,2.18
2011.04.06 19:21:40.872,1.56431,1.56485,1.92,1.95
2011.04.06 19:21:42.151,1.56433,1.56485,1.09,1.95
2011.04.06 19:21:47.953,1.5643,1.56478,1.09,1.58
2011.04.06 19:21:49.833,1.56429,1.56479,1.09,1.73
2011.04.06 19:21:50.723,1.5643,1.56485,1.77,2.10
2011.04.06 19:21:51.052,1.5643,1.56485,2.52,2.25
2011.04.06 19:21:53.012,1.5643,1.56485,1.77,2.48
2011.04.06 19:21:53.714,1.56428,1.56479,1.09,1.73
2011.04.06 19:21:56.794,1.56428,1.56479,1.47,1.43
2011.04.06 19:21:56.904,1.56433,1.56479,1.09,1.43
2011.04.06 19:21:57.354,1.56433,1.56487,2.52,1.95
2011.04.06 19:21:59.022,1.56433,1.56487,2.67,1.95
2011.04.06 19:22:10.262,1.56433,1.56487,1.77,1.58
2011.04.06 19:22:10.372,1.56438,1.5649,1.43,1.02
2011.04.06 19:22:10.922,1.56438,1.56491,1.43,2.07
2011.04.06 19:22:13.432,1.56433,1.56485,1.09,1.58
2011.04.06 19:22:13.981,1.5643,1.56485,1.77,2.33
2011.04.06 19:22:14.466,1.5643,1.56484,1.77,1.05
2011.04.06 19:22:15.749,1.5643,1.56485,1.77,1.88
2011.04.06 19:22:21.353,1.5643,1.56485,1.92,1.73
2011.04.06 19:22:21.824,1.5643,1.56485,1.92,1.58
2011.04.06 19:22:32.509,1.5643,1.56485,1.58,1.58
2011.04.06 19:22:59.961,1.5643,1.56485,1.92,1.58
2011.04.06 19:23:00.072,1.5643,1.56485,2.07,1.43
2011.04.06 19:23:00.182,1.56433,1.5649,1.92,1.58
2011.04.06 19:23:00.291,1.56433,1.5649,1.77,1.73
2011.04.06 19:23:00.840,1.56433,1.5649,1.77,1.73
2011.04.06 19:23:02.401,1.56433,1.5649,1.92,1.58
2011.04.06 19:23:03.513,1.56437,1.5649,1.09,1.73
2011.04.06 19:23:03.841,1.5644,1.56493,1.43,1.73
2011.04.06 19:23:05.863,1.5644,1.56493,1.43,1.88
2011.04.06 19:23:08.943,1.5644,1.56493,1.43,1.73
2011.04.06 19:23:12.971,1.5644,1.56493,1.58,1.73
2011.04.06 19:23:17.481,1.5644,1.56493,1.58,1.58
2011.04.06 19:23:18.542,1.56439,1.56494,1.43,1.73
2011.04.06 19:23:23.463,1.56439,1.56494,1.58,1.73
2011.04.06 19:23:25.483,1.56441,1.56496,2.07,1.58
2011.04.06 19:23:32.764,1.56446,1.56496,1.09,1.43
2011.04.06 19:23:32.872,1.56446,1.56501,1.09,1.58
2011.04.06 19:23:35.501,1.56446,1.56496,1.24,1.43
2011.04.06 19:23:35.925,1.56446,1.56501,1.24,1.58
2011.04.06 19:23:40.622,1.56446,1.56496,1.24,1.43
2011.04.06 19:23:41.393,1.56448,1.56501,1.09,1.58
2011.04.06 19:23:41.973,1.5645,1.56506,1.43,1.09
2011.04.06 19:23:42.193,1.5645,1.56507,2.18,1.77
2011.04.06 19:23:42.871,1.5645,1.56507,2.33,1.92
2011.04.06 19:23:44.294,1.56454,1.56507,1.13,1.43
2011.04.06 19:23:44.405,1.56456,1.56516,1.43,2.44
2011.04.06 19:23:45.152,1.56457,1.5651,1.43,1.58
2011.04.06 19:23:45.722,1.56457,1.5651,1.43,1.58
2011.04.06 19:23:46.274,1.56457,1.5651,1.58,1.43
2011.04.06 19:23:46.823,1.56452,1.56505,1.09,1.43
2011.04.06 19:23:47.594,1.56452,1.56505,1.09,1.58
2011.04.06 19:23:48.176,1.56452,1.56505,1.47,1.43
2011.04.06 19:23:48.282,1.56457,1.5651,1.43,1.58
2011.04.06 19:23:49.242,1.56452,1.56505,1.09,1.43
2011.04.06 19:23:51.251,1.56448,1.56505,1.09,1.43
2011.04.06 19:23:51.474,1.56456,1.56511,1.43,1.58
2011.04.06 19:23:52.242,1.56456,1.56511,1.58,1.58
2011.04.06 19:23:54.872,1.56456,1.56511,1.73,1.58
2011.04.06 19:24:02.676,1.56456,1.56511,1.58,1.58
2011.04.06 19:24:11.042,1.56453,1.56505,1.28,1.43
2011.04.06 19:24:11.262,1.56457,1.5651,1.58,1.58
2011.04.06 19:24:13.877,1.56455,1.56508,1.58,1.73
2011.04.06 19:24:17.254,1.56455,1.56508,1.43,1.95
2011.04.06 19:24:17.363,1.56452,1.56503,1.09,1.43
2011.04.06 19:24:18.453,1.56454,1.56509,1.43,1.58
2011.04.06 19:24:19.255,1.56454,1.56509,1.43,1.73
2011.04.06 19:24:19.583,1.56454,1.56509,2.33,1.58
2011.04.06 19:24:21.442,1.56456,1.56509,1.05,1.58
2011.04.06 19:24:26.129,1.56454,1.56509,2.33,1.73
2011.04.06 19:24:26.244,1.56454,1.56509,2.33,1.58
2011.04.06 19:24:26.462,1.56454,1.56509,1.43,1.73
2011.04.06 19:24:26.574,1.56451,1.56506,1.24,1.58
2011.04.06 19:24:26.794,1.56454,1.56509,1.43,1.73
2011.04.06 19:24:36.153,1.56454,1.56509,1.58,1.58
2011.04.06 19:24:37.143,1.56454,1.56509,1.43,1.73
2011.04.06 19:24:39.582,1.5645,1.56505,1.24,1.58
2011.04.06 19:24:43.652,1.56454,1.56509,1.43,1.73
2011.04.06 19:24:55.192,1.56448,1.56505,1.58,1.58
2011.04.06 19:24:58.023,1.56455,1.56508,1.43,2.10
2011.04.06 19:24:58.242,1.56443,1.56504,2.18,1.58
2011.04.06 19:25:08.014,1.56443,1.56504,2.18,2.70
2011.04.06 19:25:08.343,1.5644,1.56493,1.80,1.43
2011.04.06 19:25:10.972,1.5644,1.56493,1.80,1.73
2011.04.06 19:25:13.673,1.5644,1.56493,1.80,1.58
2011.04.06 19:25:14.003,1.56432,1.56491,1.77,1.58
2011.04.06 19:25:14.946,1.56432,1.56491,1.77,1.73
2011.04.06 19:25:25.312,1.56432,1.56491,2.07,1.58
2011.04.06 19:25:27.482,1.56432,1.56491,1.92,1.73
2011.04.06 19:25:31.364,1.56432,1.56491,2.67,1.73
2011.04.06 19:25:31.593,1.56432,1.56491,3.04,1.43
2011.04.06 19:25:31.702,1.56439,1.56496,1.43,1.24
2011.04.06 19:25:32.272,1.56439,1.56498,1.77,1.05
2011.04.06 19:25:32.493,1.5644,1.56499,1.24,1.43
2011.04.06 19:25:32.712,1.56447,1.56505,1.43,1.62
2011.04.06 19:25:33.722,1.56447,1.56504,1.43,1.02
2011.04.06 19:25:38.523,1.56447,1.56503,1.43,1.50
2011.04.06 19:25:38.633,1.56439,1.56499,1.92,2.18
2011.04.06 19:25:39.183,1.5644,1.56493,1.77,1.43
2011.04.06 19:25:40.952,1.5644,1.56493,1.43,1.73
2011.04.06 19:25:44.352,1.5644,1.56493,1.58,1.58
2011.04.06 19:25:45.235,1.5644,1.56493,1.43,1.58
2011.04.06 19:25:45.342,1.5644,1.56493,1.58,1.43
2011.04.06 19:25:46.191,1.5644,1.56493,1.43,1.73
2011.04.06 19:25:47.295,1.5644,1.56493,1.58,1.58
2011.04.06 19:26:03.095,1.5644,1.56493,1.58,1.43
2011.04.06 19:26:09.775,1.5644,1.56493,1.43,1.58
2011.04.06 19:26:10.383,1.5644,1.56493,1.43,1.73
2011.04.06 19:26:15.183,1.5644,1.56493,1.77,1.73
2011.04.06 19:26:17.033,1.5644,1.56493,1.92,1.58
2011.04.06 19:26:27.532,1.5644,1.56493,1.58,1.92
2011.04.06 19:26:38.325,1.5644,1.56493,1.73,1.77
2011.04.06 19:26:38.874,1.56439,1.56494,2.33,1.92
2011.04.06 19:26:45.611,1.56439,1.56494,1.58,2.29
2011.04.06 19:26:45.833,1.56439,1.56494,1.43,2.14
2011.04.06 19:26:45.943,1.56434,1.56486,1.09,1.43
2011.04.06 19:26:48.954,1.56433,1.56486,2.52,1.58
2011.04.06 19:26:53.753,1.56433,1.56486,2.14,1.43
2011.04.06 19:26:53.972,1.56439,1.56494,1.43,1.92
2011.04.06 19:26:55.935,1.56439,1.56494,1.58,1.92
2011.04.06 19:27:08.214,1.56444,1.56494,2.22,1.43
2011.04.06 19:27:08.323,1.56444,1.56494,1.09,1.43
2011.04.06 19:27:08.434,1.56453,1.56498,1.43,1.24
2011.04.06 19:27:08.543,1.56444,1.56501,1.09,1.92
2011.04.06 19:27:08.764,1.56443,1.56501,1.09,1.92
2011.04.06 19:27:09.093,1.56442,1.565,1.77,1.92
2011.04.06 19:27:10.264,1.56442,1.565,1.77,2.07
2011.04.06 19:27:14.614,1.56442,1.565,2.52,2.07
2011.04.06 19:27:14.722,1.56442,1.565,2.67,1.77
2011.04.06 19:27:14.832,1.5645,1.56504,1.43,1.24
2011.04.06 19:27:16.934,1.5645,1.56506,1.58,1.99
2011.04.06 19:27:19.312,1.56451,1.56507,1.24,1.92
2011.04.06 19:27:19.533,1.56451,1.56507,1.62,1.77
2011.04.06 19:27:19.645,1.56456,1.56511,1.43,1.47
2011.04.06 19:27:21.934,1.56456,1.56514,1.73,1.24
2011.04.06 19:27:23.636,1.56456,1.56514,1.58,1.39
2011.04.06 19:27:25.870,1.56456,1.56514,1.73,1.24
2011.04.06 19:27:26.357,1.56454,1.56516,1.09,1.28
2011.04.06 19:27:26.463,1.56466,1.56519,1.43,1.43
2011.04.06 19:27:26.575,1.56458,1.56514,1.43,1.43
2011.04.06 19:27:26.902,1.56458,1.56514,1.43,2.52
2011.04.06 19:27:27.013,1.56451,1.5651,2.18,1.43
2011.04.06 19:27:27.123,1.56451,1.5651,1.43,1.43
2011.04.06 19:27:27.623,1.56451,1.5651,1.58,1.58
2011.04.06 19:27:27.733,1.56451,1.5651,1.58,1.80
2011.04.06 19:27:28.569,1.56446,1.56509,1.05,1.43
2011.04.06 19:27:28.682,1.56446,1.56509,1.05,1.80
2011.04.06 19:27:29.014,1.56445,1.565,1.28,1.43
2011.04.06 19:27:29.342,1.5645,1.56503,1.58,1.43
2011.04.06 19:27:29.892,1.56452,1.56509,1.43,1.73
2011.04.06 19:27:30.853,1.56449,1.56504,1.58,1.58
2011.04.06 19:27:32.824,1.56449,1.56504,1.58,1.73
2011.04.06 19:27:48.625,1.56449,1.56504,1.58,1.58
2011.04.06 19:27:48.733,1.56449,1.56504,2.29,1.58
2011.04.06 19:27:49.863,1.56448,1.565,2.59,1.43
2011.04.06 19:27:50.728,1.56448,1.565,1.84,1.58
2011.04.06 19:27:51.413,1.56448,1.565,1.84,1.43
2011.04.06 19:27:51.523,1.56448,1.56504,1.84,1.58
2011.04.06 19:27:52.246,1.56448,1.56504,1.84,1.73
2011.04.06 19:28:00.763,1.56448,1.56504,2.22,1.58
2011.04.06 19:28:01.934,1.56452,1.56511,1.77,2.07
2011.04.06 19:28:04.503,1.56453,1.56509,1.77,2.44
2011.04.06 19:28:04.723,1.56448,1.56502,1.84,1.43
2011.04.06 19:28:13.493,1.56459,1.56513,1.43,1.92
2011.04.06 19:28:28.673,1.56459,1.56513,1.43,2.07
2011.04.06 19:28:28.783,1.56459,1.56513,1.43,1.92
2011.04.06 19:28:46.485,1.56459,1.56513,1.43,2.33
2011.04.06 19:28:46.594,1.56463,1.56522,2.18,1.92
2011.04.06 19:28:52.492,1.56464,1.56522,1.13,1.77
2011.04.06 19:28:52.821,1.56473,1.56524,1.43,1.24
2011.04.06 19:28:56.163,1.56473,1.56528,1.43,1.05
2011.04.06 19:28:59.133,1.56469,1.56523,1.58,2.33
2011.04.06 19:28:59.953,1.56469,1.56523,1.58,2.48
2011.04.06 19:29:00.912,1.56474,1.56525,1.43,1.05
2011.04.06 19:29:01.022,1.56474,1.56528,1.43,2.33
2011.04.06 19:29:01.993,1.56474,1.56525,1.43,1.05
2011.04.06 19:29:02.101,1.56467,1.56525,2.33,1.05
2011.04.06 19:29:02.212,1.56467,1.56525,1.43,1.28
2011.04.06 19:29:02.541,1.56462,1.56524,1.92,1.05
2011.04.06 19:29:03.092,1.56461,1.56516,1.02,1.43
2011.04.06 19:29:03.313,1.56461,1.56524,1.02,3.23
2011.04.06 19:29:05.742,1.56461,1.56517,1.02,1.43
2011.04.06 19:29:12.674,1.5646,1.56517,1.24,1.58
2011.04.06 19:29:13.332,1.56459,1.56516,1.39,1.43
2011.04.06 19:29:14.922,1.5646,1.56517,1.05,1.43
2011.04.06 19:29:22.134,1.56459,1.56517,2.70,1.58
2011.04.06 19:29:33.893,1.56458,1.56515,1.43,2.10
2011.04.06 19:29:34.111,1.56455,1.56508,1.58,1.43
2011.04.06 19:29:34.661,1.56455,1.56508,1.92,1.58
2011.04.06 19:29:36.885,1.56455,1.56508,1.92,1.58
2011.04.06 19:29:54.413,1.56455,1.56508,1.92,1.58
2011.04.06 19:29:57.153,1.56455,1.56508,1.77,1.73
2011.04.06 19:29:58.972,1.56455,1.56508,1.92,1.73
2011.04.06 19:30:00.872,1.56455,1.56508,1.92,1.43
2011.04.06 19:30:03.282,1.56457,1.56512,1.43,1.24
2011.04.06 19:30:23.728,1.56457,1.56516,2.18,2.07
2011.04.06 19:30:23.951,1.56457,1.56516,1.43,2.07
2011.04.06 19:30:31.661,1.56457,1.56516,2.18,2.07
2011.04.06 19:30:32.572,1.56457,1.56516,2.18,2.07
2011.04.06 19:30:39.421,1.56457,1.56516,1.43,1.73
2011.04.06 19:30:40.634,1.56457,1.56513,1.43,1.62
2011.04.06 19:30:41.072,1.5645,1.56509,2.33,1.92
2011.04.06 19:30:41.502,1.56458,1.56513,1.43,1.39
2011.04.06 19:30:43.131,1.5645,1.56509,2.33,1.92
2011.04.06 19:30:43.241,1.5645,1.56509,2.33,1.92
2011.04.06 19:30:44.192,1.56451,1.56509,1.13,1.92
2011.04.06 19:30:44.521,1.56458,1.56514,1.43,1.77
2011.04.06 19:30:57.562,1.56453,1.56514,1.58,1.39
2011.04.06 19:31:00.393,1.56464,1.56517,1.84,2.10
2011.04.06 19:31:00.502,1.56464,1.56517,1.84,1.95
2011.04.06 19:31:01.051,1.56468,1.56524,2.52,2.22
2011.04.06 19:31:01.412,1.56468,1.56524,2.52,2.07
2011.04.06 19:31:01.523,1.56468,1.56524,1.77,2.22
2011.04.06 19:31:01.742,1.56466,1.56519,1.09,1.58
2011.04.06 19:31:02.502,1.56464,1.56519,3.64,2.48
2011.04.06 19:31:04.569,1.56469,1.56523,1.77,2.07
2011.04.06 19:31:14.753,1.56469,1.56519,1.77,1.20
2011.04.06 19:31:14.972,1.56469,1.56518,1.43,2.14
2011.04.06 19:31:15.082,1.56462,1.56511,1.77,1.09
2011.04.06 19:31:15.192,1.56458,1.56509,2.22,1.43
2011.04.06 19:31:15.742,1.56454,1.56509,2.29,1.77
2011.04.06 19:31:16.393,1.56454,1.56509,2.14,2.07
2011.04.06 19:31:17.899,1.56453,1.56506,1.09,1.73
2011.04.06 19:31:21.092,1.56449,1.56506,1.43,1.73
2011.04.06 19:31:25.352,1.56448,1.56506,1.43,1.73
2011.04.06 19:31:29.104,1.56444,1.56498,1.09,1.43
2011.04.06 19:31:29.322,1.56444,1.56493,1.47,1.43
2011.04.06 19:31:29.434,1.56445,1.56501,1.77,1.58
2011.04.06 19:31:30.144,1.56448,1.56503,1.43,1.73
2011.04.06 19:31:33.217,1.56449,1.56505,1.43,1.73
2011.04.06 19:31:41.212,1.56446,1.56499,1.92,1.58
2011.04.06 19:31:41.322,1.56446,1.56499,2.07,1.43
2011.04.06 19:31:42.623,1.56446,1.56499,2.07,1.58
2011.04.06 19:31:49.137,1.56446,1.56499,1.92,1.58
2011.04.06 19:31:50.242,1.56447,1.56499,1.09,1.58
2011.04.06 19:31:50.944,1.56447,1.56499,1.39,1.58
2011.04.06 19:31:53.192,1.56447,1.56499,1.24,1.58
2011.04.06 19:31:53.522,1.56447,1.565,1.09,1.43
2011.04.06 19:31:53.632,1.56447,1.565,1.09,1.43
2011.04.06 19:31:53.969,1.56455,1.56508,1.43,2.07
2011.04.06 19:31:54.765,1.56455,1.56508,1.43,2.07
2011.04.06 19:31:57.332,1.56448,1.56506,2.18,1.73
2011.04.06 19:31:58.463,1.56448,1.56506,2.18,1.73
2011.04.06 19:32:10.652,1.56449,1.56506,2.33,1.58
2011.04.06 19:32:11.092,1.56449,1.56504,1.43,1.05
2011.04.06 19:32:11.382,1.56449,1.56506,1.58,2.33
2011.04.06 19:32:11.605,1.56455,1.56508,1.43,2.07
2011.04.06 19:32:19.263,1.56455,1.56508,1.43,2.33
2011.04.06 19:32:19.484,1.56466,1.56508,2.22,1.43
2011.04.06 19:32:19.702,1.56469,1.56525,2.89,2.33
2011.04.06 19:32:19.923,1.56477,1.56528,1.80,1.24
2011.04.06 19:32:20.034,1.56477,1.56536,1.80,2.82
2011.04.06 19:32:20.144,1.56483,1.56536,1.43,1.39
2011.04.06 19:32:23.319,1.56483,1.56536,1.43,1.05
2011.04.06 19:32:23.743,1.56477,1.56534,1.92,1.05
2011.04.06 19:32:42.018,1.56477,1.56536,3.19,2.33
2011.04.06 19:32:42.124,1.56484,1.56537,1.43,2.67
2011.04.06 19:32:43.344,1.56484,1.56537,1.58,1.92
2011.04.06 19:32:58.926,1.56477,1.56534,1.77,1.05
2011.04.06 19:33:00.965,1.56471,1.56527,1.62,1.43
2011.04.06 19:33:01.404,1.56477,1.56534,1.77,1.05
2011.04.06 19:33:02.399,1.56485,1.56534,1.43,1.05
2011.04.06 19:33:02.514,1.56485,1.56537,1.43,1.09
2011.04.06 19:33:02.624,1.56485,1.56539,1.43,1.24
2011.04.06 19:33:03.484,1.56478,1.56535,1.43,2.18
2011.04.06 19:33:05.743,1.56478,1.56533,1.43,1.05
2011.04.06 19:33:11.963,1.56473,1.56529,2.29,1.58
2011.04.06 19:33:13.896,1.56473,1.56529,2.29,1.73
2011.04.06 19:33:25.374,1.56473,1.56529,1.58,1.73
2011.04.06 19:33:45.764,1.56473,1.56529,1.73,1.58
2011.04.06 19:33:45.875,1.56473,1.56529,1.58,1.73
2011.04.06 19:33:45.983,1.56473,1.56529,1.58,1.58
2011.04.06 19:33:46.204,1.56478,1.56534,1.43,1.05
2011.04.06 19:33:46.533,1.56484,1.56536,1.43,1.05
2011.04.06 19:33:47.205,1.56484,1.56533,1.43,1.05
2011.04.06 19:33:57.416,1.56484,1.56534,1.43,1.05
2011.04.06 19:34:11.164,1.56484,1.56534,1.77,1.05
2011.04.06 19:34:11.273,1.56484,1.56537,1.77,2.67
2011.04.06 19:34:11.492,1.56489,1.56541,1.77,1.39
2011.04.06 19:34:20.895,1.56483,1.56538,1.77,2.07
2011.04.06 19:34:33.265,1.56483,1.56534,1.43,1.24
2011.04.06 19:34:33.594,1.56475,1.56531,2.14,1.58
2011.04.06 19:34:33.704,1.56483,1.56533,1.43,1.05
2011.04.06 19:34:33.814,1.56473,1.56523,1.47,2.18
2011.04.06 19:34:34.253,1.56468,1.56522,2.18,1.09
2011.04.06 19:34:34.954,1.56468,1.56522,2.18,1.24
2011.04.06 19:34:35.329,1.56468,1.56522,2.18,1.39
2011.04.06 19:34:35.438,1.56468,1.56523,2.18,2.82
2011.04.06 19:34:37.054,1.56468,1.56522,2.18,1.39
2011.04.06 19:34:41.194,1.56468,1.56523,1.80,2.07
2011.04.06 19:34:41.305,1.56468,1.56523,1.95,1.92
2011.04.06 19:34:41.413,1.56475,1.56526,1.43,1.24
2011.04.06 19:34:43.609,1.56475,1.56526,1.58,1.24
2011.04.06 19:34:44.004,1.56475,1.56526,1.43,1.39
2011.04.06 19:34:44.114,1.56471,1.56523,1.58,1.39
2011.04.06 19:34:46.416,1.56471,1.56523,1.43,1.09
2011.04.06 19:34:46.634,1.56471,1.56522,1.43,1.09
2011.04.06 19:34:46.743,1.56464,1.56517,1.92,1.43
2011.04.06 19:34:47.583,1.56468,1.56525,1.43,1.09
2011.04.06 19:34:50.264,1.56464,1.56517,1.77,1.43
2011.04.06 19:34:51.925,1.56464,1.56517,1.92,1.43
2011.04.06 19:34:54.245,1.56464,1.56517,1.92,1.58
2011.04.06 19:35:05.955,1.56464,1.56517,1.77,1.73
2011.04.06 19:35:06.063,1.56464,1.56516,1.43,2.14
2011.04.06 19:35:10.515,1.56464,1.56516,1.43,3.04
2011.04.06 19:35:10.625,1.56464,1.56516,1.43,2.89
2011.04.06 19:35:12.483,1.56464,1.56516,1.43,2.97
2011.04.06 19:35:13.201,1.56456,1.56511,4.17,1.77
2011.04.06 19:35:13.741,1.56456,1.56511,3.42,1.92
2011.04.06 19:35:14.705,1.56456,1.56511,3.42,2.07
2011.04.06 19:35:22.919,1.56456,1.56505,1.84,1.73
2011.04.06 19:35:25.994,1.56456,1.56505,1.99,1.58
2011.04.06 19:35:29.484,1.56463,1.56516,1.77,2.14
2011.04.06 19:35:31.924,1.56463,1.56516,1.77,2.14
2011.04.06 19:35:36.655,1.56463,1.56518,3.27,2.82
2011.04.06 19:35:37.204,1.56463,1.56518,3.64,1.77
2011.04.06 19:35:37.755,1.56471,1.56527,2.22,2.18
2011.04.06 19:35:41.193,1.56478,1.56532,1.77,2.89
2011.04.06 19:35:59.944,1.56478,1.56532,1.77,2.89
2011.04.06 19:36:00.164,1.56473,1.56529,1.43,4.32
2011.04.06 19:36:01.484,1.56473,1.56527,1.43,2.07
2011.04.06 19:36:01.895,1.56473,1.56527,1.58,1.92
2011.04.06 19:36:34.513,1.5647,1.5652,1.09,1.43
2011.04.06 19:36:35.684,1.56468,1.5652,1.09,1.58
2011.04.06 19:36:36.829,1.56468,1.5652,1.09,1.73
2011.04.06 19:36:38.384,1.56467,1.5652,1.77,1.58
2011.04.06 19:36:39.636,1.56467,1.5652,2.82,1.58
2011.04.06 19:36:41.044,1.56467,1.5652,2.67,1.73
2011.04.06 19:36:42.734,1.56467,1.5652,2.52,1.73
2011.04.06 19:36:43.908,1.56467,1.5652,2.52,1.73
2011.04.06 19:36:44.573,1.56467,1.5652,2.67,1.58
2011.04.06 19:36:48.974,1.56468,1.5652,1.09,1.73
2011.04.06 19:36:49.548,1.56468,1.5652,1.24,1.58
2011.04.06 19:36:51.616,1.5647,1.5652,1.24,1.58
2011.04.06 19:36:51.944,1.56481,1.56529,1.43,1.84
2011.04.06 19:36:52.054,1.56481,1.56531,1.43,1.09
2011.04.06 19:36:52.494,1.56474,1.56528,1.92,2.18
2011.04.06 19:36:54.906,1.56474,1.56528,1.92,2.33
2011.04.06 19:36:59.804,1.56474,1.56528,2.29,1.43
2011.04.06 19:36:59.914,1.56482,1.5653,1.43,1.50
2011.04.06 19:37:00.025,1.56474,1.56528,1.92,1.43
2011.04.06 19:37:01.925,1.56474,1.56528,1.92,2.33
2011.04.06 19:37:33.373,1.56469,1.56523,3.19,1.77
2011.04.06 19:37:33.705,1.56469,1.56523,2.07,1.43
2011.04.06 19:37:33.813,1.56475,1.56529,1.92,1.92
2011.04.06 19:37:34.362,1.56474,1.56528,1.92,2.52
2011.04.06 19:37:35.052,1.56474,1.56528,1.92,2.82
2011.04.06 19:37:39.783,1.56474,1.56528,1.77,2.67
2011.04.06 19:37:40.004,1.56474,1.56528,1.92,2.52
2011.04.06 19:37:40.113,1.56474,1.56528,1.77,2.67
2011.04.06 19:37:41.092,1.5647,1.56526,1.58,2.67
2011.04.06 19:37:41.203,1.56473,1.56526,1.43,1.24
2011.04.06 19:37:43.005,1.56473,1.56526,1.43,1.39
2011.04.06 19:37:43.284,1.56473,1.56526,1.43,1.24
2011.04.06 19:37:43.504,1.56472,1.56526,1.58,2.82
2011.04.06 19:37:48.003,1.56473,1.56526,1.43,1.39
2011.04.06 19:37:48.222,1.56473,1.56526,1.43,1.24
2011.04.06 19:37:48.893,1.56473,1.56525,1.43,1.39
2011.04.06 19:38:01.265,1.56473,1.56529,1.95,1.92
2011.04.06 19:38:01.484,1.56482,1.5653,1.43,1.24
2011.04.06 19:38:11.824,1.56474,1.56528,1.43,1.77
2011.04.06 19:38:12.931,1.56474,1.56528,1.43,2.07
2011.04.06 19:38:13.755,1.56468,1.56521,1.09,1.43
2011.04.06 19:38:13.863,1.56466,1.56521,2.14,1.43
2011.04.06 19:38:14.084,1.56473,1.56529,1.43,2.07
2011.04.06 19:38:14.654,1.56473,1.56529,1.43,2.07
2011.04.06 19:38:15.390,1.56473,1.56529,1.43,2.07
2011.04.06 19:38:15.938,1.56473,1.56529,1.43,2.07
2011.04.06 19:38:16.724,1.56468,1.5652,1.09,1.43
2011.04.06 19:38:17.273,1.56468,1.5652,1.09,1.43
2011.04.06 19:38:18.876,1.56468,1.5652,1.09,1.58
2011.04.06 19:38:20.886,1.56468,1.5652,1.09,1.73
2011.04.06 19:38:24.796,1.56468,1.56518,1.09,1.58
2011.04.06 19:38:27.194,1.56461,1.56518,2.33,1.92
2011.04.06 19:38:28.562,1.56461,1.56518,1.58,2.67
2011.04.06 19:38:30.394,1.56461,1.56516,1.58,1.24
2011.04.06 19:38:32.414,1.56461,1.5651,1.58,1.09
2011.04.06 19:38:32.746,1.56431,1.56488,3.08,1.43
2011.04.06 19:38:32.965,1.56445,1.56499,1.43,1.84
2011.04.06 19:38:33.075,1.56437,1.56496,1.43,2.14
2011.04.06 19:38:33.955,1.56437,1.56496,1.58,2.14
2011.04.06 19:38:34.394,1.56437,1.56496,1.58,2.14
2011.04.06 19:38:35.694,1.56431,1.56495,1.05,2.67
2011.04.06 19:38:37.972,1.56431,1.5649,1.05,1.92
2011.04.06 19:38:38.766,1.56428,1.5648,2.18,1.09
2011.04.06 19:38:38.986,1.56416,1.56467,1.13,1.43
2011.04.06 19:38:39.204,1.56418,1.56484,2.18,1.92
2011.04.06 19:38:41.205,1.56418,1.56484,2.33,1.92
2011.04.06 19:38:46.274,1.56416,1.56467,1.88,1.43
2011.04.06 19:38:46.385,1.56406,1.56467,2.85,1.43
2011.04.06 19:38:48.166,1.56407,1.56467,1.05,1.43
2011.04.06 19:38:48.614,1.56407,1.56459,1.05,1.43
2011.04.06 19:38:49.165,1.56404,1.56459,1.28,1.43
2011.04.06 19:38:50.163,1.56404,1.5646,1.28,1.43
2011.04.06 19:38:50.734,1.56404,1.5646,1.13,1.43
2011.04.06 19:38:51.167,1.56407,1.56464,2.18,1.73
2011.04.06 19:38:51.385,1.56407,1.56464,1.43,1.73
2011.04.06 19:38:53.626,1.56407,1.56464,1.58,1.43
2011.04.06 19:38:53.734,1.56411,1.56472,1.58,1.13
2011.04.06 19:38:53.844,1.56411,1.56473,1.58,1.13
2011.04.06 19:38:54.174,1.56406,1.56465,2.48,1.43
2011.04.06 19:38:54.932,1.56406,1.56465,2.33,1.43
2011.04.06 19:38:55.779,1.56406,1.56465,2.33,1.58
2011.04.06 19:38:56.113,1.56406,1.56465,2.33,1.73
2011.04.06 19:38:57.407,1.56409,1.56465,1.13,1.58
2011.04.06 19:38:57.625,1.56409,1.56465,1.13,1.58
2011.04.06 19:38:58.239,1.56414,1.56468,1.43,1.58
2011.04.06 19:39:10.888,1.56414,1.56468,1.43,1.43
2011.04.06 19:39:11.004,1.56414,1.56468,1.43,1.80
2011.04.06 19:39:11.334,1.56413,1.56469,2.18,1.73
2011.04.06 19:39:12.163,1.56408,1.56465,2.18,1.58
2011.04.06 19:39:13.854,1.56408,1.56465,2.33,1.58
2011.04.06 19:39:18.473,1.56415,1.56471,1.43,3.23
2011.04.06 19:39:19.127,1.56415,1.56471,1.58,3.23
2011.04.06 19:39:21.925,1.56415,1.56463,1.43,1.05
2011.04.06 19:39:22.257,1.56389,1.56438,3.00,1.09
2011.04.06 19:39:22.364,1.56389,1.56442,2.25,1.84
2011.04.06 19:39:22.477,1.56389,1.56435,2.25,1.43
2011.04.06 19:39:23.135,1.56389,1.56431,2.25,1.43
2011.04.06 19:39:23.244,1.56376,1.56431,1.43,1.43
2011.04.06 19:39:24.627,1.56376,1.56431,1.58,1.43
2011.04.06 19:39:25.205,1.56376,1.56431,2.33,1.43
2011.04.06 19:39:25.424,1.5638,1.56436,1.43,2.33
2011.04.06 19:39:26.023,1.5638,1.56436,1.43,1.58
2011.04.06 19:39:26.404,1.5638,1.56436,1.58,1.73
2011.04.06 19:39:27.233,1.56385,1.56434,1.43,1.05
2011.04.06 19:39:27.813,1.56381,1.56435,1.95,1.73
2011.04.06 19:39:27.923,1.56385,1.56436,1.43,1.05
2011.04.06 19:39:28.473,1.5638,1.56434,1.58,1.05
2011.04.06 19:39:31.073,1.5638,1.56433,1.58,1.05
2011.04.06 19:39:34.185,1.56376,1.56429,2.33,1.05
2011.04.06 19:39:41.994,1.56376,1.56431,2.48,2.33
2011.04.06 19:39:42.563,1.56376,1.56431,2.48,2.33
2011.04.06 19:39:42.895,1.56381,1.56433,1.92,1.24
2011.04.06 19:39:46.728,1.56389,1.56433,1.43,1.24
2011.04.06 19:40:00.624,1.56389,1.56433,2.18,1.24
2011.04.06 19:40:00.845,1.56394,1.56442,1.09,1.80
2011.04.06 19:40:01.285,1.56399,1.56451,1.09,2.18
2011.04.06 19:40:01.946,1.56396,1.5645,2.52,2.18
2011.04.06 19:40:05.027,1.56396,1.5645,2.67,2.18
2011.04.06 19:40:05.135,1.56406,1.56453,1.43,1.24
2011.04.06 19:40:05.356,1.56395,1.56451,1.92,2.18
2011.04.06 19:40:05.574,1.56395,1.56447,1.58,1.09
2011.04.06 19:40:06.171,1.56395,1.56447,1.58,1.09
2011.04.06 19:40:07.645,1.56395,1.56447,1.58,1.24
2011.04.06 19:40:11.164,1.56395,1.56445,1.58,1.24
2011.04.06 19:40:24.033,1.56393,1.56448,2.33,1.39
2011.04.06 19:40:44.115,1.56401,1.56448,1.43,1.24
2011.04.06 19:40:44.655,1.56401,1.56448,1.58,1.24
2011.04.06 19:40:45.534,1.56395,1.56448,1.58,1.24
2011.04.06 19:40:46.377,1.56395,1.56448,1.92,1.28
2011.04.06 19:40:46.704,1.56396,1.5645,1.92,2.48
2011.04.06 19:40:48.784,1.56392,1.56446,1.39,1.95
2011.04.06 19:40:53.524,1.56394,1.56446,1.99,1.95
2011.04.06 19:40:54.073,1.56396,1.56449,1.92,1.02
2011.04.06 19:40:59.464,1.56396,1.56449,1.58,1.02
2011.04.06 19:41:00.369,1.56393,1.56446,1.24,1.58
2011.04.06 19:41:00.704,1.56414,1.56459,1.43,1.13
2011.04.06 19:41:00.815,1.56396,1.56454,1.62,1.13
2011.04.06 19:41:00.924,1.56396,1.56454,1.24,1.13
2011.04.06 19:41:01.364,1.56392,1.56445,4.17,1.43
2011.04.06 19:41:01.585,1.56392,1.56445,2.67,1.43
2011.04.06 19:41:02.984,1.56392,1.56445,1.92,1.43
2011.04.06 19:41:03.306,1.56392,1.56445,1.77,1.43
2011.04.06 19:41:03.414,1.56392,1.56445,1.92,1.58
2011.04.06 19:41:04.199,1.56392,1.56445,1.77,1.58
2011.04.06 19:41:04.534,1.56392,1.56444,1.77,2.14
2011.04.06 19:41:05.973,1.56387,1.5644,1.92,2.07
2011.04.06 19:41:12.174,1.56387,1.5644,2.07,1.92
2011.04.06 19:41:12.724,1.56387,1.5644,1.73,1.92
2011.04.06 19:41:12.945,1.56387,1.5644,1.58,2.07
2011.04.06 19:41:18.355,1.56391,1.56443,1.43,1.77
2011.04.06 19:41:20.025,1.56391,1.56443,1.58,1.02
2011.04.06 19:41:25.389,1.56391,1.56443,1.95,1.02
2011.04.06 19:41:25.496,1.56391,1.56446,2.29,3.04
2011.04.06 19:41:25.606,1.56399,1.56445,1.43,1.24
2011.04.06 19:41:25.935,1.56383,1.56438,2.18,3.27
2011.04.06 19:41:26.045,1.56383,1.56438,1.43,3.27
2011.04.06 19:41:28.006,1.56383,1.56438,1.58,3.42
2011.04.06 19:41:28.845,1.56383,1.56438,1.58,3.42
2011.04.06 19:41:28.959,1.56383,1.56437,1.43,1.62
2011.04.06 19:41:29.069,1.56385,1.56437,1.84,1.13
2011.04.06 19:41:29.395,1.56385,1.56431,1.84,1.43
2011.04.06 19:41:29.504,1.56385,1.56435,1.84,1.43
2011.04.06 19:41:29.615,1.56385,1.56442,1.84,1.77
2011.04.06 19:41:29.835,1.56385,1.56436,1.84,1.43
2011.04.06 19:41:31.308,1.56385,1.56436,1.84,1.58
2011.04.06 19:41:31.765,1.5638,1.56436,2.52,3.64
2011.04.06 19:41:32.051,1.5638,1.56427,1.09,1.43
2011.04.06 19:41:32.554,1.56374,1.56427,1.43,1.77
2011.04.06 19:41:32.995,1.56368,1.56425,2.85,1.77
2011.04.06 19:41:33.735,1.56374,1.56427,1.43,1.77
2011.04.06 19:41:33.845,1.5637,1.56426,2.18,1.77
2011.04.06 19:41:34.066,1.56367,1.56422,2.18,1.77
2011.04.06 19:41:34.284,1.56375,1.56428,1.43,2.67
2011.04.06 19:41:35.655,1.56375,1.56428,1.80,1.77
2011.04.06 19:41:35.765,1.56378,1.56428,1.47,1.43
2011.04.06 19:41:35.985,1.56382,1.56438,1.47,1.92
2011.04.06 19:41:36.205,1.5639,1.56443,1.43,1.02
2011.04.06 19:41:36.534,1.5639,1.56443,1.80,1.02
2011.04.06 19:41:36.645,1.56394,1.5645,1.43,1.24
2011.04.06 19:41:36.975,1.56394,1.5645,2.18,1.24
2011.04.06 19:41:37.195,1.56391,1.56449,1.09,3.08
2011.04.06 19:41:38.166,1.5639,1.56446,2.18,1.09
2011.04.06 19:41:38.386,1.56378,1.56433,2.18,1.43
2011.04.06 19:41:38.498,1.56388,1.56433,1.13,1.43
2011.04.06 19:41:38.716,1.56389,1.56447,1.43,1.09
2011.04.06 19:41:40.592,1.56389,1.56448,1.43,1.65
2011.04.06 19:41:40.704,1.56389,1.56448,1.58,1.65
2011.04.06 19:41:40.925,1.56389,1.56448,1.43,1.65
2011.04.06 19:41:41.365,1.56389,1.5645,1.58,2.33
2011.04.06 19:41:41.915,1.56389,1.5645,1.43,2.33
2011.04.06 19:41:42.157,1.56389,1.56448,1.43,1.50
2011.04.06 19:41:42.486,1.56381,1.56433,1.65,1.43
2011.04.06 19:41:42.705,1.5639,1.56447,1.43,1.09
2011.04.06 19:41:43.448,1.5639,1.56449,1.43,2.33
2011.04.06 19:41:44.945,1.5639,1.56448,1.43,1.05
2011.04.06 19:41:45.275,1.5639,1.56449,2.18,2.70
2011.04.06 19:41:45.387,1.56386,1.56444,1.09,1.58
2011.04.06 19:41:45.936,1.56384,1.56443,1.09,1.80
2011.04.06 19:41:48.215,1.56378,1.56443,2.33,2.29
2011.04.06 19:41:49.415,1.56378,1.56442,1.95,1.09
2011.04.06 19:41:49.526,1.56378,1.56442,1.80,1.09
2011.04.06 19:41:49.747,1.56377,1.56433,1.13,1.43
2011.04.06 19:41:50.295,1.56377,1.56432,1.13,1.43
2011.04.06 19:41:51.314,1.56374,1.56432,2.52,1.43
2011.04.06 19:41:52.497,1.56374,1.56432,2.67,1.58
2011.04.06 19:42:00.485,1.56374,1.56432,2.52,1.73
2011.04.06 19:42:10.657,1.56377,1.56432,1.13,1.73
2011.04.06 19:42:10.766,1.56382,1.56439,1.43,1.05
2011.04.06 19:42:10.986,1.56382,1.5644,2.18,2.10
2011.04.06 19:42:11.206,1.56377,1.56432,1.13,1.43
2011.04.06 19:42:11.315,1.56378,1.56432,1.13,1.43
2011.04.06 19:42:11.426,1.56383,1.56439,1.43,1.73
2011.04.06 19:42:15.688,1.56378,1.56434,2.33,1.95
2011.04.06 19:42:15.794,1.56378,1.56434,2.18,2.10
2011.04.06 19:42:16.127,1.56375,1.56425,1.43,1.47
2011.04.06 19:42:16.236,1.56366,1.56419,1.13,1.43
2011.04.06 19:42:16.346,1.56372,1.56425,1.43,1.77
2011.04.06 19:42:17.320,1.56372,1.56425,2.18,1.92
2011.04.06 19:42:17.765,1.56374,1.56425,1.09,1.43
2011.04.06 19:42:18.236,1.56374,1.56431,1.09,2.07
2011.04.06 19:42:18.904,1.56373,1.56431,1.77,2.07
2011.04.06 19:42:20.056,1.56374,1.56431,1.92,1.92
2011.04.06 19:42:20.164,1.56374,1.56431,1.77,1.92
2011.04.06 19:42:20.496,1.56366,1.56427,1.13,1.77
2011.04.06 19:42:20.715,1.56364,1.56426,2.14,1.09
2011.04.06 19:42:21.049,1.56361,1.56418,1.99,1.43
2011.04.06 19:42:21.264,1.56361,1.56418,1.09,1.43
2011.04.06 19:42:21.595,1.56363,1.56428,2.29,2.29
2011.04.06 19:42:21.705,1.56363,1.56428,2.14,2.29
2011.04.06 19:42:21.925,1.56363,1.56426,1.77,1.09
2011.04.06 19:42:22.254,1.5636,1.56417,2.18,1.77
2011.04.06 19:42:22.644,1.5636,1.56391,2.18,1.50
2011.04.06 19:42:25.045,1.5636,1.56392,2.33,1.50
2011.04.06 19:42:26.447,1.5636,1.56417,2.33,1.92
2011.04.06 19:42:31.215,1.5636,1.56417,2.18,2.44
2011.04.06 19:42:31.435,1.56356,1.56411,2.33,1.58
2011.04.06 19:42:31.655,1.56356,1.56411,2.33,1.95
2011.04.06 19:42:31.987,1.56349,1.56403,2.14,1.80
2011.04.06 19:42:32.094,1.56349,1.56399,1.80,1.09
2011.04.06 19:42:32.206,1.56342,1.56396,1.24,1.43
2011.04.06 19:42:34.345,1.56342,1.56396,1.24,1.58
2011.04.06 19:42:35.018,1.56342,1.56396,1.09,1.95
2011.04.06 19:42:35.344,1.56342,1.56388,1.09,1.43
2011.04.06 19:42:37.175,1.56334,1.56388,3.08,1.92
2011.04.06 19:42:37.945,1.56329,1.5638,3.00,1.43
2011.04.06 19:42:38.165,1.56327,1.5638,1.92,1.43
2011.04.06 19:42:38.917,1.56327,1.5638,1.92,1.58
2011.04.06 19:42:39.355,1.56323,1.56373,1.09,1.43
2011.04.06 19:42:39.574,1.56327,1.5638,1.77,2.33
2011.04.06 19:42:41.494,1.56327,1.5638,1.77,1.73
2011.04.06 19:42:42.505,1.56327,1.5638,1.77,1.95
2011.04.06 19:42:42.724,1.56322,1.56374,1.62,1.43
2011.04.06 19:42:44.621,1.56322,1.56374,1.47,1.73
2011.04.06 19:42:48.505,1.5632,1.56374,1.28,2.07
2011.04.06 19:42:48.837,1.56313,1.56366,1.09,1.43
2011.04.06 19:42:49.947,1.56313,1.56366,1.09,1.58
2011.04.06 19:42:50.364,1.56313,1.56359,1.09,1.43
2011.04.06 19:42:50.585,1.56313,1.56365,1.09,1.58
2011.04.06 19:42:51.026,1.56318,1.56373,1.80,1.39
2011.04.06 19:42:52.998,1.56318,1.56374,1.95,2.07
2011.04.06 19:42:53.646,1.56318,1.56367,1.95,1.84
2011.04.06 19:42:53.974,1.56304,1.56358,1.58,1.77
2011.04.06 19:42:54.641,1.56301,1.56351,1.39,1.43
2011.04.06 19:42:54.755,1.56299,1.56351,1.09,1.43
2011.04.06 19:42:55.084,1.56304,1.56358,1.43,1.77
2011.04.06 19:42:56.244,1.56304,1.56358,1.58,1.77
2011.04.06 19:42:57.004,1.56304,1.56358,1.73,1.77
2011.04.06 19:42:59.764,1.56304,1.56358,1.95,1.77
2011.04.06 19:42:59.877,1.56312,1.56365,1.43,1.92
2011.04.06 19:42:59.984,1.56312,1.56365,1.77,1.58
2011.04.06 19:43:00.535,1.56312,1.56365,2.29,1.43
2011.04.06 19:43:00.644,1.56319,1.56369,1.43,1.09
2011.04.06 19:43:01.879,1.56319,1.56369,1.58,1.09
2011.04.06 19:43:02.245,1.56319,1.56369,1.43,1.99
2011.04.06 19:43:02.354,1.56303,1.56359,2.67,1.43
2011.04.06 19:43:02.464,1.56303,1.56359,1.92,1.43
2011.04.06 19:43:03.789,1.56303,1.56359,2.07,1.43
2011.04.06 19:43:05.225,1.56311,1.56364,1.77,1.28
2011.04.06 19:43:05.741,1.56311,1.56366,1.77,2.33
2011.04.06 19:43:06.352,1.56311,1.56366,1.92,2.33
2011.04.06 19:43:07.155,1.56311,1.56366,2.07,2.33
2011.04.06 19:43:07.486,1.56311,1.56366,1.92,1.43
2011.04.06 19:43:07.596,1.56314,1.56365,1.09,1.43
2011.04.06 19:43:07.708,1.5632,1.56372,1.13,1.77
2011.04.06 19:43:07.815,1.56325,1.56372,1.09,1.43
2011.04.06 19:43:07.926,1.56325,1.5638,2.52,1.43
2011.04.06 19:43:08.035,1.56326,1.5638,1.47,1.43
2011.04.06 19:43:08.144,1.5633,1.56384,1.43,1.13
2011.04.06 19:43:08.995,1.5633,1.56387,1.58,1.47
2011.04.06 19:43:10.017,1.5633,1.56383,1.43,1.09
2011.04.06 19:43:10.237,1.5632,1.56373,1.28,1.43
2011.04.06 19:43:10.346,1.56321,1.56373,1.28,1.43
2011.04.06 19:43:10.454,1.56325,1.5638,1.43,1.77
2011.04.06 19:43:11.015,1.56325,1.56379,1.43,1.13
2011.04.06 19:43:11.346,1.56318,1.56372,2.33,1.43
2011.04.06 19:43:11.804,1.56319,1.56372,1.24,1.43
2011.04.06 19:43:11.914,1.56326,1.56379,1.77,2.55
2011.04.06 19:43:12.464,1.56326,1.56379,2.14,1.58
2011.04.06 19:43:12.685,1.56329,1.56385,1.95,1.47
2011.04.06 19:43:12.904,1.56329,1.56385,2.33,1.47
2011.04.06 19:43:13.455,1.56334,1.56384,2.52,1.13
2011.04.06 19:43:13.677,1.56328,1.56374,1.13,1.43
2011.04.06 19:43:13.786,1.56331,1.56383,1.43,1.47
2011.04.06 19:43:14.007,1.56326,1.56381,1.43,1.77
2011.04.06 19:43:15.034,1.56326,1.56381,1.58,1.77
2011.04.06 19:43:15.944,1.56326,1.56381,1.73,1.92
2011.04.06 19:43:17.024,1.56326,1.56381,1.88,1.77
2011.04.06 19:43:17.247,1.56326,1.56381,1.73,1.92
2011.04.06 19:43:17.835,1.56326,1.56381,1.88,1.77
2011.04.06 19:43:17.944,1.56326,1.56381,1.73,1.92
2011.04.06 19:43:21.315,1.56326,1.56381,1.58,2.14
2011.04.06 19:43:21.424,1.56319,1.56373,2.82,1.43
2011.04.06 19:43:24.264,1.56321,1.56373,1.77,1.43
2011.04.06 19:43:24.375,1.56326,1.56381,1.58,1.77
2011.04.06 19:43:25.587,1.56326,1.56381,1.73,1.77
2011.04.06 19:43:26.284,1.56326,1.56381,1.73,1.92
2011.04.06 19:43:26.395,1.56326,1.56381,1.95,1.77
2011.04.06 19:43:26.617,1.56328,1.56381,1.13,1.77
2011.04.06 19:43:27.275,1.56333,1.56388,1.43,2.74
2011.04.06 19:43:27.890,1.56333,1.56388,1.58,2.74
2011.04.06 19:43:28.696,1.56333,1.56388,1.73,1.99
2011.04.06 19:43:31.686,1.56337,1.56388,1.05,1.99
2011.04.06 19:43:31.795,1.56342,1.56389,1.62,1.43
2011.04.06 19:43:32.015,1.56349,1.56402,1.43,1.84
2011.04.06 19:43:32.603,1.56342,1.56395,1.92,2.18
2011.04.06 19:43:33.864,1.56342,1.56395,2.07,2.18
2011.04.06 19:43:34.085,1.56339,1.56396,1.84,2.33
2011.04.06 19:43:34.305,1.56339,1.56396,2.22,1.43
2011.04.06 19:43:34.414,1.56347,1.56399,1.77,1.24
2011.04.06 19:43:37.254,1.56347,1.56387,1.43,2.22
2011.04.06 19:43:37.475,1.56329,1.56377,1.09,1.43
2011.04.06 19:43:37.695,1.56335,1.56389,1.43,1.09
2011.04.06 19:43:37.804,1.56335,1.56389,1.43,1.09
2011.04.06 19:43:37.914,1.56332,1.56385,1.77,2.18
2011.04.06 19:43:38.859,1.56338,1.56389,1.43,1.09
2011.04.06 19:43:39.184,1.56338,1.56393,1.77,2.67
2011.04.06 19:43:40.415,1.56346,1.56393,1.43,1.24
2011.04.06 19:43:40.525,1.56346,1.56393,1.43,1.09
2011.04.06 19:43:41.224,1.56346,1.56401,1.77,1.92
2011.04.06 19:43:42.704,1.56344,1.56393,1.84,1.43
2011.04.06 19:43:46.444,1.56344,1.56397,1.58,1.58
2011.04.06 19:43:46.554,1.56344,1.56397,1.43,1.58
2011.04.06 19:43:46.664,1.56338,1.56395,2.29,2.33
2011.04.06 19:43:46.885,1.56344,1.56397,1.43,2.33
2011.04.06 19:43:47.114,1.56337,1.56396,2.07,2.33
2011.04.06 19:43:56.485,1.5634,1.56396,1.02,2.18
2011.04.06 19:43:56.596,1.56344,1.56403,1.58,1.77
2011.04.06 19:43:57.034,1.56344,1.56403,1.58,1.43
2011.04.06 19:43:58.923,1.56344,1.56403,1.73,1.43
2011.04.06 19:44:02.584,1.56348,1.56403,1.13,1.43
2011.04.06 19:44:02.695,1.56352,1.56408,1.43,1.24
2011.04.06 19:44:03.134,1.56347,1.56402,1.05,1.43
2011.04.06 19:44:03.464,1.56355,1.56408,1.43,1.24
2011.04.06 19:44:05.083,1.56346,1.56402,1.43,1.43
2011.04.06 19:44:06.035,1.56346,1.56402,1.05,1.43
2011.04.06 19:44:11.845,1.56346,1.56403,1.05,1.43
2011.04.06 19:44:19.274,1.56346,1.56402,1.05,1.43
2011.04.06 19:44:31.436,1.56346,1.56402,1.05,1.80
2011.04.06 19:44:31.544,1.56345,1.56402,1.43,2.33
2011.04.06 19:44:31.655,1.5634,1.56397,1.09,1.43
2011.04.06 19:44:31.765,1.56342,1.56397,1.09,1.80
2011.04.06 19:44:32.094,1.56336,1.5639,2.70,1.43
2011.04.06 19:44:32.424,1.5634,1.56399,2.18,1.92
2011.04.06 19:44:33.554,1.5634,1.56399,2.18,1.92
2011.04.06 19:44:37.675,1.56342,1.56399,1.28,1.77
2011.04.06 19:44:38.005,1.5635,1.56404,1.43,1.02
2011.04.06 19:44:38.115,1.56343,1.56398,1.43,1.92
2011.04.06 19:44:38.966,1.56343,1.56397,1.58,1.09
2011.04.06 19:44:39.296,1.56337,1.56391,1.05,1.43
2011.04.06 19:44:39.845,1.56339,1.56396,1.92,2.18
2011.04.06 19:44:39.954,1.56339,1.56396,1.92,1.43
2011.04.06 19:44:40.945,1.56341,1.56396,1.39,1.43
2011.04.06 19:44:41.055,1.56341,1.56396,1.24,1.43
2011.04.06 19:44:41.166,1.5634,1.56402,2.67,1.77
2011.04.06 19:44:41.276,1.5634,1.56402,1.39,1.92
2011.04.06 19:44:41.705,1.56341,1.56402,1.24,1.92
2011.04.06 19:44:41.925,1.56341,1.56405,1.39,2.07
2011.04.06 19:44:42.144,1.56341,1.56405,1.39,1.92
2011.04.06 19:44:42.474,1.56341,1.56405,1.39,2.07
2011.04.06 19:44:43.845,1.56343,1.56405,1.24,2.07
2011.04.06 19:44:44.434,1.56343,1.56405,1.24,2.07
2011.04.06 19:44:46.046,1.56347,1.56411,1.43,1.09
2011.04.06 19:44:47.735,1.56345,1.56408,2.33,1.43
2011.04.06 19:44:47.955,1.56344,1.56407,2.33,1.80
2011.04.06 19:44:48.284,1.56341,1.56402,2.48,2.18
2011.04.06 19:44:49.954,1.56341,1.564,2.48,1.13
2011.04.06 19:44:50.284,1.56339,1.5639,1.39,1.43
2011.04.06 19:44:51.258,1.56339,1.5639,1.39,1.43
2011.04.06 19:44:53.076,1.56339,1.5639,1.39,1.43
2011.04.06 19:44:53.185,1.56344,1.56397,2.33,1.43
2011.04.06 19:44:53.910,1.56344,1.56397,2.33,1.43
2011.04.06 19:44:55.029,1.56345,1.56397,1.05,1.43
2011.04.06 19:44:57.361,1.56344,1.56397,1.43,1.77
2011.04.06 19:44:57.475,1.56338,1.56396,1.24,1.77
2011.04.06 19:44:59.566,1.56338,1.56395,2.67,1.77
2011.04.06 19:45:00.228,1.56338,1.56395,2.82,1.77
2011.04.06 19:45:05.476,1.56344,1.56397,1.73,1.77
2011.04.06 19:45:07.016,1.56343,1.56396,1.43,1.84
2011.04.06 19:45:07.125,1.56332,1.56388,1.54,1.43
2011.04.06 19:45:07.566,1.56331,1.56388,1.05,1.43
2011.04.06 19:45:07.677,1.56336,1.5639,1.88,1.77
2011.04.06 19:45:07.785,1.56336,1.5639,1.73,1.77
2011.04.06 19:45:08.336,1.56339,1.56393,1.58,1.09
2011.04.06 19:45:08.445,1.56339,1.56393,2.10,1.09
2011.04.06 19:45:08.556,1.5634,1.564,1.58,1.09
2011.04.06 19:45:08.666,1.5634,1.564,1.73,1.09
2011.04.06 19:45:09.215,1.56339,1.56396,1.73,2.18
2011.04.06 19:45:09.819,1.56339,1.56396,1.73,2.18
2011.04.06 19:45:10.178,1.56341,1.56396,1.05,1.43
2011.04.06 19:45:13.657,1.56337,1.5639,1.05,1.43
2011.04.06 19:45:13.765,1.56336,1.5639,2.33,1.77
2011.04.06 19:45:16.427,1.56331,1.56388,1.05,1.77
2011.04.06 19:45:17.636,1.56331,1.56388,1.05,1.92
2011.04.06 19:45:28.936,1.56331,1.56388,1.20,1.77
2011.04.06 19:45:30.323,1.56338,1.56395,1.43,2.67
2011.04.06 19:45:30.436,1.56331,1.56387,1.05,1.43
2011.04.06 19:45:35.977,1.56337,1.56392,1.58,1.09
2011.04.06 19:45:36.196,1.56337,1.56394,1.58,1.09
2011.04.06 19:45:36.966,1.56337,1.56395,2.33,1.09
2011.04.06 19:45:38.005,1.56337,1.56395,2.63,1.09
2011.04.06 19:45:45.896,1.56338,1.56396,1.39,2.18
2011.04.06 19:45:46.006,1.56345,1.56401,1.58,1.09
2011.04.06 19:45:46.116,1.56345,1.56401,1.43,1.09
2011.04.06 19:45:46.956,1.56345,1.56401,1.58,1.09
2011.04.06 19:45:47.975,1.56345,1.56401,1.73,1.09
2011.04.06 19:45:51.158,1.56345,1.56401,1.58,1.09
2011.04.06 19:45:51.265,1.56338,1.56396,1.39,1.43
2011.04.06 19:45:52.396,1.56338,1.56396,1.39,1.43
2011.04.06 19:45:53.825,1.56339,1.56396,1.05,1.43
2011.04.06 19:45:53.935,1.56344,1.564,1.43,1.09
2011.04.06 19:45:54.485,1.56344,1.56401,1.43,1.09
2011.04.06 19:45:54.916,1.56344,1.56401,1.58,1.09
2011.04.06 19:45:55.957,1.56344,1.56401,1.73,1.09
2011.04.06 19:46:00.777,1.56348,1.56403,1.47,1.43
2011.04.06 19:46:00.885,1.56353,1.56403,1.13,1.43
2011.04.06 19:46:00.996,1.56359,1.56412,1.43,1.43
2011.04.06 19:46:02.455,1.56359,1.56412,1.43,1.80
2011.04.06 19:46:02.675,1.56351,1.56405,2.07,1.43
2011.04.06 19:46:03.673,1.56351,1.56405,2.07,1.43
2011.04.06 19:46:04.225,1.56351,1.56405,1.92,1.43
2011.04.06 19:46:04.335,1.56351,1.56405,1.58,1.77
2011.04.06 19:46:24.517,1.56353,1.56409,1.43,4.02
2011.04.06 19:46:25.968,1.56353,1.56409,1.58,2.59
2011.04.06 19:46:26.456,1.56353,1.56409,1.73,2.59
2011.04.06 19:46:27.005,1.56352,1.56409,1.88,1.09
2011.04.06 19:46:28.387,1.56352,1.56409,1.88,1.47
2011.04.06 19:46:28.495,1.56352,1.56409,1.58,1.47
2011.04.06 19:46:28.605,1.56346,1.56402,1.39,1.43
2011.04.06 19:46:29.375,1.56348,1.56403,1.92,1.43
2011.04.06 19:46:29.705,1.56351,1.56405,1.73,1.43
2011.04.06 19:46:29.816,1.56351,1.56405,1.58,1.43
2011.04.06 19:46:30.036,1.56351,1.56405,2.10,1.43
2011.04.06 19:46:30.145,1.56354,1.56411,1.58,1.77
2011.04.06 19:46:30.806,1.56364,1.56418,1.43,1.09
2011.04.06 19:46:31.026,1.56364,1.56421,1.43,2.52
2011.04.06 19:46:31.245,1.56364,1.56421,1.43,1.77
2011.04.06 19:46:31.466,1.56367,1.56421,1.43,1.77
2011.04.06 19:46:31.795,1.56371,1.56424,1.43,1.92
2011.04.06 19:46:32.125,1.56368,1.56422,1.43,1.77
2011.04.06 19:46:32.726,1.56368,1.56422,1.58,1.77
2011.04.06 19:46:46.518,1.56364,1.5642,1.73,1.43
2011.04.06 19:46:48.539,1.56364,1.5642,1.58,1.58
2011.04.06 19:46:49.084,1.56356,1.56418,1.17,1.43
2011.04.06 19:46:50.559,1.56356,1.56418,1.17,1.58
2011.04.06 19:46:57.465,1.56362,1.56419,1.43,1.43
2011.04.06 19:46:57.575,1.56362,1.56425,2.85,2.67
2011.04.06 19:46:59.939,1.56366,1.56426,1.05,3.04
2011.04.06 19:47:07.226,1.56363,1.56425,2.33,2.52
2011.04.06 19:47:07.336,1.56361,1.56418,1.05,1.43
2011.04.06 19:47:07.446,1.56361,1.56418,1.05,1.43
2011.04.06 19:47:07.776,1.56372,1.56418,1.30,1.43
2011.04.06 19:47:13.944,1.56372,1.5642,1.30,2.29
2011.04.06 19:47:21.255,1.56372,1.5642,1.30,1.43
2011.04.06 19:47:21.365,1.56382,1.56425,1.32,1.58
2011.04.06 19:47:22.118,1.56382,1.56425,1.32,1.58
2011.04.06 19:47:24.306,1.56382,1.56425,1.32,1.58
2011.04.06 19:47:25.995,1.56382,1.56425,1.32,1.58
2011.04.06 19:47:37.485,1.56382,1.56425,1.32,1.58
2011.04.06 19:47:45.047,1.56381,1.56425,1.23,1.58
2011.04.06 19:47:46.227,1.56381,1.56425,1.23,1.58
2011.04.06 19:48:03.066,1.56381,1.56425,1.12,1.43
2011.04.06 19:48:03.286,1.56381,1.56431,1.27,1.77
2011.04.06 19:48:04.278,1.56383,1.56442,1.09,1.13
2011.04.06 19:48:04.607,1.56382,1.56434,1.24,1.43
2011.04.06 19:48:06.875,1.56382,1.56426,1.09,1.43
2011.04.06 19:48:12.906,1.56383,1.56433,1.09,1.58
2011.04.06 19:48:19.126,1.56383,1.56437,1.24,1.43
2011.04.06 19:48:19.617,1.56382,1.56437,1.05,1.77
2011.04.06 19:48:19.946,1.56382,1.56421,1.13,1.43
2011.04.06 19:48:20.277,1.56382,1.56434,1.13,1.77
2011.04.06 19:48:20.606,1.56382,1.56428,1.13,1.43
2011.04.06 19:48:27.515,1.56382,1.56431,1.13,1.09
2011.04.06 19:48:27.625,1.56383,1.56431,1.13,1.84
2011.04.06 19:48:27.958,1.56382,1.56421,1.13,1.43
2011.04.06 19:48:28.067,1.56382,1.56428,1.13,1.80
2011.04.06 19:48:28.177,1.56383,1.56428,1.13,2.18
2011.04.06 19:48:28.398,1.56383,1.56426,1.13,1.43
2011.04.06 19:48:29.395,1.56383,1.56426,1.13,1.77
2011.04.06 19:48:37.736,1.56381,1.56418,1.20,1.43
2011.04.06 19:48:38.572,1.56364,1.56418,1.65,1.43
2011.04.06 19:48:38.781,1.56392,1.56418,1.50,1.43
2011.04.06 19:48:42.886,1.56392,1.56426,1.50,1.77
2011.04.06 19:48:48.167,1.56392,1.56421,1.50,1.84
2011.04.06 19:48:48.497,1.56381,1.56403,2.18,1.43
2011.04.06 19:48:48.607,1.56368,1.56417,1.43,1.13
2011.04.06 19:48:48.826,1.56368,1.56426,2.18,1.09
2011.04.06 19:48:50.904,1.56368,1.56426,2.33,1.09
2011.04.06 19:48:51.598,1.56368,1.56426,2.48,1.09
2011.04.06 19:48:56.405,1.56368,1.56423,1.73,1.09
2011.04.06 19:49:01.515,1.56371,1.56423,1.05,1.09
2011.04.06 19:49:11.511,1.56371,1.56423,1.05,1.09
2011.04.06 19:49:36.868,1.56375,1.56422,1.28,1.50
2011.04.06 19:49:37.197,1.56375,1.56403,1.13,1.43
2011.04.06 19:49:38.485,1.56375,1.56411,1.13,1.43
2011.04.06 19:49:39.498,1.56373,1.56419,1.13,1.09
2011.04.06 19:49:40.155,1.56373,1.56421,1.13,1.13
2011.04.06 19:49:40.375,1.56373,1.56422,1.13,2.55
2011.04.06 19:49:41.695,1.56368,1.56427,2.18,2.18
2011.04.06 19:49:44.051,1.56368,1.56427,2.48,2.18
2011.04.06 19:49:47.638,1.56368,1.56425,2.48,1.13
2011.04.06 19:49:47.745,1.56368,1.56425,2.18,1.28
2011.04.06 19:49:48.076,1.56369,1.56426,1.80,2.18
2011.04.06 19:49:49.968,1.56369,1.56426,2.10,2.18
2011.04.06 19:49:57.786,1.56369,1.56424,1.80,1.28
2011.04.06 19:49:58.696,1.56366,1.56417,1.13,1.09
2011.04.06 19:49:59.826,1.56366,1.56416,1.13,1.09
2011.04.06 19:50:00.426,1.56366,1.56417,1.13,1.13
2011.04.06 19:50:00.865,1.56366,1.56421,1.13,1.47
2011.04.06 19:50:01.416,1.56366,1.56417,1.13,1.09
2011.04.06 19:50:01.746,1.56366,1.56411,1.13,2.18
2011.04.06 19:50:01.855,1.56366,1.56416,1.13,1.09
2011.04.06 19:50:02.406,1.56367,1.56416,1.13,1.09
2011.04.06 19:50:02.957,1.56366,1.56419,1.13,1.09
2011.04.06 19:50:04.877,1.56367,1.56419,1.05,1.09
2011.04.06 19:50:07.656,1.56367,1.56424,1.05,1.92
2011.04.06 19:50:16.848,1.56375,1.56428,1.43,2.33
2011.04.06 19:50:17.956,1.56375,1.56427,1.43,1.28
2011.04.06 19:50:18.066,1.56369,1.56424,1.50,1.58
2011.04.06 19:50:19.019,1.56367,1.56424,1.88,1.73
2011.04.06 19:50:19.127,1.56367,1.56424,1.88,1.58
2011.04.06 19:50:21.314,1.5637,1.56424,1.13,1.58
2011.04.06 19:50:25.247,1.5637,1.56402,1.13,1.09
2011.04.06 19:50:25.577,1.56342,1.56391,1.79,2.18
2011.04.06 19:50:25.687,1.56342,1.56391,1.79,2.18
2011.04.06 19:50:39.376,1.56344,1.56399,2.18,2.33
2011.04.06 19:50:39.595,1.5635,1.56408,1.80,1.50
2011.04.06 19:50:39.816,1.56345,1.56398,2.18,2.18
2011.04.06 19:50:40.277,1.56345,1.56398,1.80,2.18
2011.04.06 19:50:40.497,1.56359,1.56398,1.20,2.18
2011.04.06 19:50:41.958,1.56359,1.56398,1.20,2.48
2011.04.06 19:50:49.478,1.56345,1.56398,2.18,1.73
2011.04.06 19:50:50.306,1.56352,1.56406,1.80,2.33
2011.04.06 19:50:50.527,1.5635,1.56409,1.80,2.67
2011.04.06 19:50:50.749,1.56353,1.56409,1.09,1.43
2011.04.06 19:50:50.967,1.5636,1.56413,1.43,2.18
2011.04.06 19:50:51.297,1.56369,1.56419,1.50,1.05
2011.04.06 19:50:51.407,1.56369,1.56423,1.88,1.50
2011.04.06 19:50:52.412,1.56369,1.56424,1.88,3.08
2011.04.06 19:50:56.155,1.56369,1.56424,1.88,3.08
2011.04.06 19:50:57.395,1.56369,1.56423,1.88,1.65
2011.04.06 19:51:00.146,1.56369,1.56423,2.25,1.50
2011.04.06 19:51:00.585,1.56375,1.56425,1.80,1.65
2011.04.06 19:51:01.206,1.56375,1.56425,1.80,1.65
2011.04.06 19:51:02.996,1.56375,1.56423,1.80,1.50
2011.04.06 19:51:04.267,1.56375,1.56421,1.80,1.09
2011.04.06 19:51:05.908,1.56369,1.56419,1.88,1.24
2011.04.06 19:51:06.463,1.56367,1.56419,1.28,1.24
2011.04.06 19:51:11.106,1.56368,1.56419,1.13,1.47
2011.04.06 19:51:15.597,1.56363,1.56408,1.47,1.43
2011.04.06 19:51:16.327,1.56363,1.56408,1.47,2.18
2011.04.06 19:51:18.394,1.56357,1.56408,1.09,2.18
2011.04.06 19:51:19.149,1.56357,1.56407,1.24,1.13
2011.04.06 19:51:19.476,1.56357,1.564,1.09,1.43
2011.04.06 19:51:21.220,1.56346,1.564,1.28,1.58
2011.04.06 19:51:21.666,1.56345,1.564,1.24,1.43
2011.04.06 19:51:22.466,1.56344,1.564,1.62,1.58
2011.04.06 19:51:25.976,1.56344,1.56401,1.47,1.80
2011.04.06 19:51:26.086,1.56344,1.56393,1.09,1.43
2011.04.06 19:51:32.446,1.56339,1.56393,1.28,1.43
2011.04.06 19:51:32.555,1.56339,1.56393,1.28,1.80
2011.04.06 19:51:32.776,1.56336,1.56385,1.13,1.43
2011.04.06 19:51:33.483,1.56335,1.56385,1.13,1.43
2011.04.06 19:51:34.127,1.56336,1.56387,1.13,1.43
2011.04.06 19:51:34.348,1.5634,1.56393,1.47,1.58
2011.04.06 19:51:34.678,1.56347,1.56392,2.07,1.43
2011.04.06 19:51:35.006,1.56347,1.56384,1.69,1.43
2011.04.06 19:51:36.637,1.56347,1.56384,1.69,1.80
2011.04.06 19:51:36.967,1.56347,1.56376,1.69,1.43
2011.04.06 19:51:37.077,1.5633,1.56384,2.52,1.43
2011.04.06 19:51:37.295,1.56332,1.56384,1.13,1.43
2011.04.06 19:51:37.837,1.56332,1.56384,1.13,1.58
2011.04.06 19:51:38.406,1.56332,1.56384,1.13,1.43
2011.04.06 19:51:38.628,1.56341,1.56393,1.09,1.43
2011.04.06 19:51:39.054,1.5635,1.56398,2.18,1.13
2011.04.06 19:51:39.170,1.5635,1.56404,2.18,1.58
2011.04.06 19:51:39.277,1.5635,1.56404,1.43,1.58
2011.04.06 19:51:39.936,1.5635,1.56404,1.43,1.43
2011.04.06 19:51:40.998,1.5635,1.56404,1.43,1.58
2011.04.06 19:51:41.616,1.5635,1.56404,1.95,1.58
2011.04.06 19:51:42.948,1.5635,1.56404,1.80,1.73
2011.04.06 19:51:43.387,1.5635,1.56404,1.95,1.58
2011.04.06 19:51:45.191,1.5635,1.56404,1.95,1.58
2011.04.06 19:51:45.613,1.5635,1.56404,2.33,1.58
2011.04.06 19:52:01.515,1.56353,1.56404,1.13,1.58
2011.04.06 19:52:06.656,1.56361,1.56404,1.64,1.58
2011.04.06 19:52:07.166,1.56361,1.56399,1.64,1.77
2011.04.06 19:52:07.498,1.56361,1.56395,1.64,2.14
2011.04.06 19:52:09.906,1.56361,1.56394,1.64,1.43
2011.04.06 19:52:14.126,1.56361,1.564,1.64,2.67
2011.04.06 19:52:21.879,1.56361,1.564,1.64,2.82
2011.04.06 19:52:21.986,1.56344,1.564,2.67,2.82
2011.04.06 19:52:22.096,1.56352,1.564,1.44,2.82
2011.04.06 19:52:22.316,1.56352,1.564,1.59,2.67
2011.04.06 19:52:24.258,1.56353,1.564,1.09,1.43
2011.04.06 19:52:24.366,1.56353,1.56406,1.09,1.24
2011.04.06 19:52:26.986,1.56359,1.5641,1.73,1.84
2011.04.06 19:52:27.317,1.56366,1.5641,1.68,1.84
2011.04.06 19:52:27.918,1.56366,1.56415,2.05,2.67
2011.04.06 19:52:30.296,1.56366,1.56415,1.90,2.82
2011.04.06 19:52:30.407,1.56366,1.56415,2.05,2.67
2011.04.06 19:52:31.197,1.56366,1.56415,1.90,2.82
2011.04.06 19:52:34.416,1.56366,1.56415,2.39,2.33
2011.04.06 19:52:35.487,1.56372,1.56415,1.70,1.58
2011.04.06 19:52:43.906,1.56369,1.56418,1.09,1.39
2011.04.06 19:52:49.477,1.56369,1.56419,1.13,1.92
2011.04.06 19:52:50.027,1.56369,1.56414,1.13,1.43
2011.04.06 19:52:50.357,1.56381,1.5641,1.35,1.43
2011.04.06 19:52:59.586,1.56381,1.56418,1.35,2.07
2011.04.06 19:53:01.204,1.56361,1.56415,1.24,1.92
2011.04.06 19:53:01.537,1.56363,1.56415,1.13,1.77
2011.04.06 19:53:01.647,1.56369,1.56419,1.43,1.02
2011.04.06 19:53:02.196,1.56368,1.56423,2.55,2.44
2011.04.06 19:53:02.718,1.56368,1.56423,1.43,2.82
2011.04.06 19:53:03.706,1.56382,1.56423,1.35,2.07
2011.04.06 19:53:05.236,1.56382,1.56423,1.35,1.43
2011.04.06 19:53:05.456,1.56382,1.56431,1.35,1.92
2011.04.06 19:53:06.055,1.56382,1.56429,1.35,1.24
2011.04.06 19:53:10.697,1.5639,1.56431,2.22,2.33
2011.04.06 19:53:11.131,1.56392,1.56431,1.13,2.18
2011.04.06 19:53:11.576,1.56388,1.56431,1.09,2.18
2011.04.06 19:53:12.376,1.56388,1.56427,1.09,1.43
2011.04.06 19:53:17.649,1.56388,1.56425,1.09,1.43
2011.04.06 19:53:17.977,1.56385,1.5643,1.13,2.33
2011.04.06 19:53:18.087,1.56385,1.56427,1.13,1.58
2011.04.06 19:53:18.308,1.56385,1.56427,1.13,1.43
2011.04.06 19:53:18.528,1.56384,1.56432,1.13,2.18
2011.04.06 19:53:18.863,1.56387,1.56432,1.05,2.18
2011.04.06 19:53:18.983,1.56384,1.56435,1.05,2.55
2011.04.06 19:53:19.098,1.56383,1.56428,1.09,1.43
2011.04.06 19:53:19.320,1.56392,1.56428,1.26,1.43
2011.04.06 19:53:19.649,1.56392,1.56437,1.26,2.18
2011.04.06 19:53:19.757,1.56392,1.56441,1.26,1.43
2011.04.06 19:53:20.419,1.56394,1.56447,1.80,1.58
2011.04.06 19:53:20.968,1.564,1.56447,1.13,1.43
2011.04.06 19:53:21.077,1.56401,1.56455,1.80,1.92
2011.04.06 19:53:21.783,1.56402,1.56456,1.13,1.24
2011.04.06 19:53:22.227,1.56402,1.56456,1.50,1.09
2011.04.06 19:53:22.776,1.56409,1.56462,2.18,1.92
2011.04.06 19:53:22.886,1.56409,1.56462,2.18,2.07
2011.04.06 19:53:25.986,1.56409,1.56459,2.18,1.39
2011.04.06 19:53:29.799,1.56404,1.56456,1.09,1.73
2011.04.06 19:53:30.677,1.56404,1.56456,1.09,1.58
2011.04.06 19:53:31.617,1.56404,1.56456,1.09,1.58
2011.04.06 19:53:31.947,1.56404,1.56456,1.09,1.73
2011.04.06 19:53:35.989,1.56404,1.56456,1.09,1.88
2011.04.06 19:53:41.409,1.56404,1.56455,1.09,1.20
2011.04.06 19:53:41.931,1.56404,1.56455,1.09,1.20
2011.04.06 19:53:42.393,1.56416,1.56455,1.90,1.20
2011.04.06 19:53:42.906,1.56416,1.56455,1.90,1.39
2011.04.06 19:53:43.977,1.56416,1.56455,1.90,1.54
2011.04.06 19:53:47.738,1.56416,1.56465,3.33,1.28
2011.04.06 19:53:47.958,1.56416,1.5647,2.86,2.67
2011.04.06 19:53:48.886,1.56423,1.56475,1.80,2.14
2011.04.06 19:53:50.419,1.56416,1.56473,1.06,2.07
2011.04.06 19:53:52.057,1.56416,1.5647,2.86,2.67
2011.04.06 19:53:52.166,1.56425,1.56475,1.13,1.39
2011.04.06 19:53:54.036,1.56424,1.56475,2.55,1.54
2011.04.06 19:53:54.636,1.56424,1.5647,1.13,2.67
2011.04.06 19:53:55.024,1.56424,1.56468,1.13,1.05
2011.04.06 19:53:55.356,1.56424,1.56468,1.13,1.43
2011.04.06 19:53:56.018,1.56424,1.56466,1.13,1.24
2011.04.06 19:53:56.126,1.56425,1.56457,1.13,1.43
2011.04.06 19:53:57.938,1.56425,1.56457,1.13,2.14
2011.04.06 19:53:58.267,1.56424,1.5645,1.13,1.43
2011.04.06 19:53:58.376,1.56424,1.56457,1.13,1.77
2011.04.06 19:54:01.698,1.56424,1.56457,1.13,1.24
2011.04.06 19:54:01.916,1.56424,1.56457,1.13,1.09
2011.04.06 19:54:02.296,1.56424,1.56458,1.13,2.67
2011.04.06 19:54:03.377,1.56414,1.5646,1.96,1.39
2011.04.06 19:54:04.037,1.56414,1.56458,1.96,1.02
2011.04.06 19:54:05.246,1.56414,1.56457,1.96,3.19
2011.04.06 19:54:08.227,1.56414,1.56451,1.96,1.43
2011.04.06 19:54:08.337,1.56414,1.56457,1.96,2.67
2011.04.06 19:54:10.156,1.56414,1.56459,1.96,1.54
2011.04.06 19:54:11.825,1.56414,1.56457,1.96,3.04
2011.04.06 19:54:12.266,1.56414,1.56456,1.96,1.05
2011.04.06 19:54:13.005,1.56413,1.56456,1.28,1.05
2011.04.06 19:54:14.717,1.56413,1.56456,1.28,1.65
2011.04.06 19:54:15.267,1.56405,1.56449,1.28,1.58
2011.04.06 19:54:16.958,1.56405,1.56457,1.28,3.04
2011.04.06 19:54:18.539,1.56405,1.56456,1.28,1.05
2011.04.06 19:54:26.669,1.56405,1.56449,1.28,1.99
2011.04.06 19:54:27.107,1.56403,1.56451,2.16,1.62
2011.04.06 19:54:27.327,1.56414,1.56448,1.34,1.05
2011.04.06 19:54:27.546,1.56391,1.56443,1.09,1.43
2011.04.06 19:54:27.996,1.564,1.56443,2.01,1.43
2011.04.06 19:54:28.608,1.5639,1.56443,2.14,1.43
2011.04.06 19:54:28.717,1.56395,1.56454,1.43,2.67
2011.04.06 19:54:28.937,1.56404,1.56459,1.43,2.33
2011.04.06 19:54:29.377,1.56396,1.56452,2.52,1.43
2011.04.06 19:54:31.176,1.56396,1.56452,1.92,1.43
2011.04.06 19:54:31.899,1.56396,1.56452,1.92,1.58
2011.04.06 19:54:35.886,1.56396,1.56452,2.67,1.58
2011.04.06 19:54:36.513,1.56401,1.56456,1.43,2.48
2011.04.06 19:54:36.848,1.56401,1.56452,1.43,1.99
2011.04.06 19:54:37.177,1.56401,1.56452,1.80,1.84
2011.04.06 19:54:40.346,1.56397,1.56449,1.09,2.07
2011.04.06 19:54:41.268,1.56397,1.56449,1.09,1.77
2011.04.06 19:54:41.899,1.56403,1.56452,1.80,1.84
2011.04.06 19:54:42.006,1.56403,1.56456,1.80,1.92
2011.04.06 19:54:42.869,1.56403,1.56456,1.80,1.92
2011.04.06 19:54:43.460,1.56403,1.56454,1.80,1.24
2011.04.06 19:54:43.787,1.56399,1.56441,1.09,1.43
2011.04.06 19:54:45.176,1.56398,1.56449,1.50,1.43
2011.04.06 19:54:45.888,1.56398,1.56449,1.50,1.58
2011.04.06 19:54:49.237,1.56398,1.56442,1.50,1.43
2011.04.06 19:54:49.458,1.56394,1.56442,1.84,1.43
2011.04.06 19:54:49.566,1.56395,1.56448,2.14,1.58
2011.04.06 19:54:51.353,1.56397,1.56448,1.13,1.58
2011.04.06 19:54:55.576,1.56397,1.56448,1.28,1.58
2011.04.06 19:54:56.215,1.56399,1.56455,1.13,2.07
2011.04.06 19:55:01.508,1.564,1.56455,1.50,2.10
2011.04.06 19:55:03.470,1.56397,1.56456,2.93,2.33
2011.04.06 19:55:03.797,1.56405,1.56458,2.18,1.92
2011.04.06 19:55:05.896,1.56405,1.56458,2.18,2.07
2011.04.06 19:55:07.129,1.56405,1.56458,2.18,1.92
2011.04.06 19:55:07.236,1.56405,1.56458,2.18,2.29
2011.04.06 19:55:07.566,1.56402,1.56451,1.50,1.43
2011.04.06 19:55:07.677,1.56405,1.56458,2.18,1.92
2011.04.06 19:55:09.186,1.56402,1.56451,1.65,1.43
2011.04.06 19:55:09.721,1.56401,1.56451,1.50,1.43
2011.04.06 19:55:09.837,1.56405,1.56458,2.18,1.77
2011.04.06 19:55:10.686,1.56405,1.56458,2.18,2.44
2011.04.06 19:55:11.016,1.56401,1.56451,1.50,1.43
2011.04.06 19:55:11.457,1.56404,1.56459,2.18,1.92
2011.04.06 19:55:11.677,1.56404,1.56459,2.18,1.92
2011.04.06 19:55:12.887,1.56404,1.56459,2.18,2.07
2011.04.06 19:55:12.996,1.56404,1.56459,2.18,1.92
2011.04.06 19:55:13.447,1.56404,1.56459,2.18,2.07
2011.04.06 19:55:20.557,1.56404,1.56442,2.18,1.84
2011.04.06 19:55:20.667,1.56399,1.56436,1.88,1.77
2011.04.06 19:55:20.777,1.56382,1.5643,2.55,1.09
2011.04.06 19:55:21.327,1.56372,1.56421,1.50,1.43
2011.04.06 19:55:21.656,1.5637,1.56421,1.47,1.43
2011.04.06 19:55:22.703,1.5637,1.56421,1.47,1.43
2011.04.06 19:55:25.357,1.5637,1.56421,1.47,1.43
2011.04.06 19:55:25.576,1.56368,1.56421,1.47,1.43
2011.04.06 19:55:25.907,1.56367,1.56421,2.14,1.58
2011.04.06 19:55:28.619,1.56367,1.56421,2.29,1.43
2011.04.06 19:55:28.838,1.56367,1.56421,2.29,1.58
2011.04.06 19:55:33.187,1.56369,1.56421,1.24,1.43
2011.04.06 19:55:33.296,1.56378,1.56429,1.43,1.62
2011.04.06 19:55:33.846,1.56378,1.56427,1.43,1.62
2011.04.06 19:55:33.956,1.56369,1.56422,1.09,1.43
2011.04.06 19:55:35.258,1.56369,1.56422,1.09,1.58
2011.04.06 19:55:35.368,1.56369,1.56422,1.24,1.43
2011.04.06 19:55:35.806,1.56369,1.56422,1.09,1.58
2011.04.06 19:55:37.936,1.5637,1.56422,1.09,1.58
2011.04.06 19:55:38.048,1.56373,1.56422,1.09,1.43
2011.04.06 19:55:38.156,1.56378,1.56434,1.43,1.13
2011.04.06 19:55:38.376,1.56375,1.56428,1.43,1.43
2011.04.06 19:55:40.237,1.56375,1.56428,1.58,1.43
2011.04.06 19:55:49.133,1.56374,1.56429,1.58,1.58
2011.04.06 19:55:50.438,1.56375,1.56428,1.58,1.43
2011.04.06 19:56:14.968,1.56375,1.56428,1.95,1.58
2011.04.06 19:56:17.879,1.56375,1.56428,1.95,1.43
2011.04.06 19:56:18.206,1.56381,1.56437,1.43,1.77
2011.04.06 19:56:19.978,1.56381,1.56437,1.73,1.77
2011.04.06 19:56:22.997,1.56382,1.56434,1.43,1.13
2011.04.06 19:56:23.106,1.56374,1.56429,3.08,1.43
2011.04.06 19:56:24.912,1.56374,1.56429,2.33,1.58
2011.04.06 19:56:25.349,1.56374,1.56429,2.33,1.95
2011.04.06 19:56:25.676,1.56373,1.56422,1.09,1.43
2011.04.06 19:56:28.000,1.56373,1.56422,1.09,1.58
2011.04.06 19:56:30.217,1.56366,1.56422,2.18,1.43
2011.04.06 19:56:30.327,1.56366,1.5642,1.43,1.13
2011.04.06 19:56:30.436,1.56362,1.56414,1.28,1.43
2011.04.06 19:56:32.389,1.5636,1.56414,1.62,1.58
2011.04.06 19:56:40.646,1.56359,1.56414,3.42,1.58
2011.04.06 19:56:41.648,1.56361,1.56416,2.29,2.33
2011.04.06 19:56:42.417,1.5636,1.56413,2.29,1.43
2011.04.06 19:56:43.187,1.56362,1.56419,1.80,2.85
2011.04.06 19:56:43.871,1.5636,1.56413,2.29,1.43
2011.04.06 19:56:44.876,1.5636,1.56413,2.29,1.58
2011.04.06 19:56:45.437,1.5636,1.56413,2.29,1.43
2011.04.06 19:56:45.547,1.56366,1.56419,1.43,1.28
2011.04.06 19:56:46.150,1.56363,1.56416,1.80,2.18
2011.04.06 19:56:47.008,1.56363,1.56416,1.80,2.33
2011.04.06 19:56:47.487,1.56363,1.56416,2.33,2.18
2011.04.06 19:56:47.597,1.56371,1.56424,1.43,1.24
2011.04.06 19:56:47.816,1.56376,1.56427,1.43,1.24
2011.04.06 19:56:49.886,1.56376,1.56429,1.77,1.05
2011.04.06 19:56:50.476,1.56369,1.56423,1.77,2.33
2011.04.06 19:56:50.697,1.56369,1.56423,1.43,2.67
2011.04.06 19:56:51.026,1.56369,1.56423,1.43,2.07
2011.04.06 19:56:51.626,1.56365,1.56419,1.24,1.58
2011.04.06 19:56:52.806,1.56365,1.56419,1.24,1.73
2011.04.06 19:56:52.917,1.56365,1.56419,1.09,1.58
2011.04.06 19:56:53.026,1.56364,1.56418,2.18,1.99
2011.04.06 19:56:57.028,1.56359,1.56414,2.18,2.29
2011.04.06 19:56:57.357,1.56351,1.56407,2.33,1.77
2011.04.06 19:56:57.910,1.56345,1.56398,3.08,1.43
2011.04.06 19:57:01.641,1.56345,1.56398,2.70,1.43
2011.04.06 19:57:01.757,1.56344,1.56394,2.74,1.43
2011.04.06 19:57:02.543,1.56344,1.56394,1.24,1.43
2011.04.06 19:57:03.148,1.56345,1.56398,1.95,1.43
2011.04.06 19:57:15.416,1.56345,1.56398,2.29,1.43
2011.04.06 19:57:15.637,1.56351,1.56407,1.43,2.67
2011.04.06 19:57:17.661,1.56351,1.56407,1.58,2.67
2011.04.06 19:57:21.616,1.56351,1.56407,1.95,2.67
2011.04.06 19:57:23.448,1.56351,1.56407,2.10,2.52
2011.04.06 19:57:30.576,1.5635,1.56405,1.02,2.18
2011.04.06 19:57:30.796,1.56348,1.56405,1.09,2.33
2011.04.06 19:57:32.657,1.56348,1.56405,1.09,2.48
2011.04.06 19:57:32.987,1.56346,1.56405,1.43,3.08
2011.04.06 19:57:33.208,1.56341,1.56397,1.28,1.43
2011.04.06 19:57:33.535,1.56347,1.564,1.43,1.43
2011.04.06 19:57:33.978,1.56347,1.564,1.43,1.58
2011.04.06 19:57:34.755,1.56347,1.564,1.43,1.58
2011.04.06 19:57:35.402,1.56347,1.564,1.58,1.73
2011.04.06 19:57:36.928,1.5634,1.56394,1.13,1.58
2011.04.06 19:57:38.116,1.56338,1.56394,1.80,2.48
2011.04.06 19:57:39.247,1.56338,1.56394,2.18,2.33
2011.04.06 19:57:39.356,1.56341,1.56394,1.13,1.58
2011.04.06 19:57:39.685,1.56347,1.564,1.43,2.48
2011.04.06 19:57:40.883,1.56347,1.564,1.43,1.73
2011.04.06 19:57:41.746,1.5634,1.56397,2.70,1.58
2011.04.06 19:57:42.207,1.56341,1.56397,1.13,1.43
2011.04.06 19:57:42.317,1.56343,1.56397,1.47,1.43
2011.04.06 19:57:42.426,1.56346,1.56405,1.77,2.18
2011.04.06 19:57:42.538,1.56346,1.56405,2.14,2.18
2011.04.06 19:57:42.866,1.56352,1.56406,1.43,2.18
2011.04.06 19:57:43.427,1.56355,1.56412,1.43,2.33
2011.04.06 19:57:44.022,1.56355,1.56412,1.43,2.33
2011.04.06 19:57:45.776,1.56355,1.56412,1.58,2.33
2011.04.06 19:57:46.107,1.56339,1.56398,2.18,1.43
2011.04.06 19:57:46.218,1.56339,1.56398,1.43,2.18
2011.04.06 19:57:46.326,1.56339,1.56398,1.43,2.18
2011.04.06 19:57:46.657,1.56333,1.56389,1.09,1.43
2011.04.06 19:57:47.299,1.56339,1.56393,1.43,1.43
2011.04.06 19:57:48.936,1.56339,1.56393,2.18,1.43
2011.04.06 19:57:49.156,1.56354,1.56406,1.43,1.62
2011.04.06 19:57:49.376,1.56354,1.56408,1.43,2.48
2011.04.06 19:57:50.168,1.56354,1.56408,1.43,2.33
2011.04.06 19:57:54.746,1.56354,1.56408,1.43,2.10
