2016.01.26 09:00:00.156,2.04031,2.04067,1.00,1.00
2016.01.26 09:00:00.663,2.0403,2.04067,1.00,1.00
2016.01.26 09:00:01.168,2.04031,2.04067,1.00,1.00
2016.01.26 09:00:01.370,2.04028,2.04067,1.00,1.50
2016.01.26 09:00:01.420,2.04028,2.04066,1.37,1.37
2016.01.26 09:00:01.735,2.04036,2.04068,1.00,1.00
2016.01.26 09:00:01.786,2.04031,2.04072,1.37,1.75
2016.01.26 09:00:01.837,2.04031,2.04069,1.00,1.12
2016.01.26 09:00:01.888,2.04029,2.04066,1.37,1.37
2016.01.26 09:00:02.040,2.04027,2.04064,2.25,1.00
2016.01.26 09:00:02.567,2.04027,2.04064,1.12,1.00
2016.01.26 09:00:02.668,2.04025,2.04063,1.00,1.00
2016.01.26 09:00:03.022,2.04028,2.04063,1.00,1.00
2016.01.26 09:00:03.123,2.04025,2.04063,1.87,1.00
2016.01.26 09:00:03.664,2.04025,2.04063,1.00,1.00
2016.01.26 09:00:04.013,2.04023,2.04063,1.00,1.00
2016.01.26 09:00:04.215,2.04025,2.04063,1.00,1.00
2016.01.26 09:00:04.700,2.04026,2.04065,1.37,1.12
2016.01.26 09:00:05.032,2.04029,2.04065,1.00,1.37
2016.01.26 09:00:05.796,2.04029,2.04065,1.00,1.12
2016.01.26 09:00:05.847,2.04025,2.04065,1.00,1.12
2016.01.26 09:00:06.397,2.04026,2.04065,1.00,1.00
2016.01.26 09:00:07.012,2.04024,2.04065,1.00,1.50
2016.01.26 09:00:08.254,2.04024,2.04065,1.50,1.87
2016.01.26 09:00:08.305,2.04026,2.04065,1.00,1.37
2016.01.26 09:00:08.608,2.04023,2.04064,1.50,1.00
2016.01.26 09:00:08.810,2.04025,2.04064,1.00,1.12
2016.01.26 09:00:09.185,2.04025,2.04061,1.00,1.00
2016.01.26 09:00:09.294,2.04023,2.04061,1.00,1.50
2016.01.26 09:00:10.818,2.04022,2.04055,1.00,1.00
2016.01.26 09:00:11.020,2.04022,2.04057,1.00,1.50
2016.01.26 09:00:11.551,2.04022,2.04058,1.00,1.00
2016.01.26 09:00:12.386,2.04017,2.04051,1.00,1.12
2016.01.26 09:00:12.690,2.04027,2.04062,1.00,1.00
2016.01.26 09:00:12.792,2.04029,2.04064,1.00,1.37
2016.01.26 09:00:12.894,2.04026,2.04065,1.00,1.50
2016.01.26 09:00:12.995,2.04029,2.04067,1.00,2.25
2016.01.26 09:00:13.878,2.04029,2.04067,1.37,1.75
2016.01.26 09:00:13.929,2.04029,2.04067,1.37,1.37
2016.01.26 09:00:13.980,2.04035,2.04069,1.00,1.12
2016.01.26 09:00:15.336,2.04033,2.04073,1.00,1.87
2016.01.26 09:00:15.538,2.04035,2.04073,1.00,1.75
2016.01.26 09:00:16.006,2.04029,2.04071,2.25,1.75
2016.01.26 09:00:16.112,2.04032,2.04073,1.00,1.75
2016.01.26 09:00:16.415,2.0403,2.0407,1.00,1.50
2016.01.26 09:00:16.517,2.04029,2.04067,1.00,1.00
2016.01.26 09:00:17.431,2.04027,2.04067,1.50,1.00
2016.01.26 09:00:17.482,2.04028,2.04067,1.00,1.37
2016.01.26 09:00:17.804,2.04022,2.04058,1.00,1.00
2016.01.26 09:00:18.511,2.04022,2.0406,1.00,1.00
2016.01.26 09:00:19.586,2.0402,2.0406,1.50,1.00
2016.01.26 09:00:23.427,2.0402,2.0406,1.87,1.00
2016.01.26 09:00:23.629,2.04026,2.04061,1.87,1.00
2016.01.26 09:00:23.680,2.04026,2.04068,2.62,1.12
2016.01.26 09:00:23.885,2.04029,2.04068,1.00,1.12
2016.01.26 09:00:24.691,2.04029,2.04064,1.00,1.00
2016.01.26 09:00:25.946,2.04029,2.04061,1.00,1.00
2016.01.26 09:00:25.997,2.04029,2.04064,1.50,1.00
2016.01.26 09:00:26.149,2.04031,2.04064,1.00,1.00
2016.01.26 09:00:26.628,2.04031,2.04067,1.50,1.50
2016.01.26 09:00:28.460,2.04034,2.04068,1.37,1.00
2016.01.26 09:00:28.763,2.04046,2.0408,1.00,1.00
2016.01.26 09:00:29.311,2.04047,2.04081,1.00,1.00
2016.01.26 09:00:30.709,2.04045,2.04079,1.00,1.00
2016.01.26 09:00:31.012,2.04044,2.04077,1.00,1.00
2016.01.26 09:00:31.797,2.04044,2.04078,1.50,1.00
2016.01.26 09:00:32.325,2.04045,2.04079,1.00,1.12
2016.01.26 09:00:33.228,2.04044,2.04079,2.62,1.00
2016.01.26 09:00:33.531,2.04051,2.04085,1.00,1.00
2016.01.26 09:00:33.855,2.04058,2.04089,1.00,1.50
2016.01.26 09:00:33.907,2.04059,2.0409,1.00,1.00
2016.01.26 09:00:34.008,2.04055,2.0409,1.37,1.50
2016.01.26 09:00:34.059,2.04055,2.0409,1.00,2.25
2016.01.26 09:00:34.261,2.0405,2.04085,1.00,1.00
2016.01.26 09:00:34.413,2.04047,2.04082,1.00,1.00
2016.01.26 09:00:34.463,2.04049,2.04085,1.00,1.00
2016.01.26 09:00:34.565,2.04048,2.04083,1.00,1.00
2016.01.26 09:00:34.616,2.0405,2.04087,1.00,1.50
2016.01.26 09:00:34.900,2.04052,2.04087,1.00,2.25
2016.01.26 09:00:35.020,2.0405,2.04087,1.00,2.25
2016.01.26 09:00:35.187,2.04049,2.04084,1.50,1.00
2016.01.26 09:00:35.541,2.04046,2.04082,1.50,1.00
2016.01.26 09:00:36.895,2.04049,2.04084,1.00,1.00
2016.01.26 09:00:37.329,2.04048,2.04079,1.00,1.00
2016.01.26 09:00:37.380,2.04048,2.04082,1.00,1.00
2016.01.26 09:00:37.481,2.04047,2.04082,1.87,1.00
2016.01.26 09:00:37.582,2.04049,2.04086,1.37,1.00
2016.01.26 09:00:37.633,2.04053,2.04089,1.00,1.37
2016.01.26 09:00:37.684,2.04053,2.04089,1.00,1.00
2016.01.26 09:00:37.735,2.04053,2.04086,1.00,1.00
2016.01.26 09:00:38.115,2.04052,2.0409,1.50,1.00
2016.01.26 09:00:38.173,2.04054,2.0409,1.00,1.00
2016.01.26 09:00:38.755,2.04066,2.04091,1.00,1.00
2016.01.26 09:00:38.856,2.04059,2.04091,1.00,1.00
2016.01.26 09:00:38.907,2.04058,2.04094,1.12,1.00
2016.01.26 09:00:39.295,2.04054,2.04089,1.37,1.00
2016.01.26 09:00:39.346,2.04054,2.04089,1.00,1.00
2016.01.26 09:00:39.859,2.04056,2.04092,1.50,1.00
2016.01.26 09:00:39.910,2.04059,2.04092,1.00,1.00
2016.01.26 09:00:39.961,2.04059,2.04094,1.50,1.00
2016.01.26 09:00:40.012,2.04059,2.04094,1.87,1.00
2016.01.26 09:00:40.113,2.04065,2.04098,1.00,1.00
2016.01.26 09:00:40.368,2.04061,2.04098,1.37,1.00
2016.01.26 09:00:41.508,2.04061,2.04093,1.87,1.00
2016.01.26 09:00:41.816,2.04058,2.04087,1.75,1.00
2016.01.26 09:00:41.918,2.04052,2.04087,1.75,1.00
2016.01.26 09:00:41.969,2.04052,2.04087,1.37,1.00
2016.01.26 09:00:42.020,2.04051,2.04087,1.00,1.00
2016.01.26 09:00:42.643,2.0405,2.04088,2.25,1.00
2016.01.26 09:00:42.694,2.0405,2.0409,2.25,1.00
2016.01.26 09:00:42.795,2.0405,2.04088,1.50,1.00
2016.01.26 09:00:43.099,2.04048,2.04083,1.00,1.00
2016.01.26 09:00:43.149,2.04047,2.04086,1.00,1.50
2016.01.26 09:00:43.251,2.0405,2.04086,1.00,1.00
2016.01.26 09:00:43.301,2.0405,2.04089,1.50,1.00
2016.01.26 09:00:43.975,2.0405,2.04089,1.00,1.37
2016.01.26 09:00:44.130,2.04045,2.04083,1.00,1.50
2016.01.26 09:00:44.231,2.04045,2.04083,1.00,1.87
2016.01.26 09:00:44.738,2.04044,2.04079,1.00,1.37
2016.01.26 09:00:44.994,2.04048,2.04083,1.00,1.00
2016.01.26 09:00:45.045,2.04048,2.04083,1.37,1.00
2016.01.26 09:00:45.197,2.04062,2.04096,1.00,1.00
2016.01.26 09:00:45.299,2.04062,2.04099,1.50,1.00
2016.01.26 09:00:45.631,2.04062,2.04098,2.62,1.00
2016.01.26 09:00:45.732,2.04066,2.04103,1.00,1.00
2016.01.26 09:00:45.783,2.04072,2.04103,1.00,1.00
2016.01.26 09:00:45.985,2.04068,2.04103,1.00,1.00
2016.01.26 09:00:46.563,2.04066,2.04103,1.50,1.00
2016.01.26 09:00:47.241,2.04065,2.04103,1.00,1.00
2016.01.26 09:00:47.342,2.04065,2.04098,1.00,1.00
2016.01.26 09:00:47.570,2.04062,2.04097,1.50,1.00
2016.01.26 09:00:48.306,2.04062,2.04098,1.50,1.00
2016.01.26 09:00:48.357,2.0406,2.041,2.25,1.00
2016.01.26 09:00:48.407,2.04065,2.041,1.37,1.00
2016.01.26 09:00:48.718,2.04066,2.04105,1.75,1.00
2016.01.26 09:00:48.844,2.04066,2.04108,2.25,1.00
2016.01.26 09:00:49.046,2.04067,2.04108,1.12,1.00
2016.01.26 09:00:49.097,2.04072,2.04112,1.00,2.25
2016.01.26 09:00:49.198,2.04072,2.04109,1.00,1.00
2016.01.26 09:00:49.652,2.04072,2.04112,1.00,2.25
2016.01.26 09:00:49.960,2.04073,2.04109,1.00,1.37
2016.01.26 09:00:50.214,2.04073,2.0411,1.50,1.12
2016.01.26 09:00:50.315,2.04074,2.04113,1.12,1.00
2016.01.26 09:00:50.367,2.04077,2.04113,1.00,1.00
2016.01.26 09:00:50.628,2.04074,2.04113,1.12,2.25
2016.01.26 09:00:51.248,2.04074,2.04112,1.12,1.87
2016.01.26 09:00:51.569,2.04074,2.04107,1.00,1.50
2016.01.26 09:00:52.083,2.04074,2.04107,1.00,1.75
2016.01.26 09:00:52.134,2.04067,2.04107,1.50,1.75
2016.01.26 09:00:52.185,2.04069,2.04108,1.00,3.75
2016.01.26 09:00:52.487,2.04058,2.04092,1.00,1.00
2016.01.26 09:00:52.740,2.04052,2.04091,1.00,1.00
2016.01.26 09:00:52.942,2.04054,2.04091,1.50,1.00
2016.01.26 09:00:53.268,2.04058,2.04092,1.00,1.00
2016.01.26 09:00:53.570,2.04065,2.04092,1.00,1.00
2016.01.26 09:00:54.635,2.04065,2.04093,1.00,1.00
2016.01.26 09:00:54.787,2.04065,2.041,1.12,1.37
2016.01.26 09:00:54.838,2.04066,2.041,1.12,1.00
2016.01.26 09:00:54.888,2.04077,2.04101,1.00,1.00
2016.01.26 09:00:54.939,2.04077,2.04103,1.00,1.00
2016.01.26 09:00:55.041,2.04077,2.04107,1.00,1.50
2016.01.26 09:00:55.142,2.04077,2.04101,1.00,1.00
2016.01.26 09:00:55.387,2.04078,2.04104,1.00,1.00
2016.01.26 09:00:55.489,2.04077,2.04094,1.00,1.00
2016.01.26 09:00:55.792,2.04077,2.041,1.00,1.12
2016.01.26 09:00:55.894,2.04075,2.041,1.00,1.12
2016.01.26 09:00:56.347,2.04075,2.04103,1.00,1.00
2016.01.26 09:00:56.550,2.04069,2.04103,1.00,1.00
2016.01.26 09:00:56.601,2.04073,2.04103,1.00,1.00
2016.01.26 09:00:56.987,2.04073,2.04106,1.00,1.00
2016.01.26 09:00:57.399,2.04071,2.04106,1.50,1.00
2016.01.26 09:00:58.103,2.04071,2.04103,1.50,1.00
2016.01.26 09:00:58.407,2.04067,2.04103,1.00,1.12
2016.01.26 09:00:58.457,2.04067,2.041,1.00,1.37
2016.01.26 09:00:58.609,2.04055,2.04087,1.00,1.37
2016.01.26 09:00:58.760,2.04055,2.04079,1.00,1.00
2016.01.26 09:00:58.966,2.0404,2.0408,1.00,1.12
2016.01.26 09:00:59.325,2.04043,2.04082,1.00,1.75
2016.01.26 09:00:59.628,2.0405,2.0409,1.12,1.00
2016.01.26 09:01:00.023,2.04048,2.04086,1.50,1.00
2016.01.26 09:01:00.362,2.04049,2.04081,1.00,1.00
2016.01.26 09:01:00.413,2.04049,2.04083,1.00,1.00
2016.01.26 09:01:00.917,2.0405,2.04084,1.00,1.00
2016.01.26 09:01:01.251,2.04053,2.0409,1.12,1.00
2016.01.26 09:01:01.503,2.04056,2.04093,1.37,1.00
2016.01.26 09:01:01.756,2.04064,2.04101,1.12,1.50
2016.01.26 09:01:01.807,2.04068,2.04101,1.00,1.00
2016.01.26 09:01:01.959,2.04068,2.04103,1.00,1.00
2016.01.26 09:01:02.110,2.04072,2.04103,1.12,1.50
2016.01.26 09:01:02.341,2.04075,2.04111,1.00,1.12
2016.01.26 09:01:02.391,2.04075,2.04109,1.00,1.00
2016.01.26 09:01:02.543,2.04077,2.04112,1.50,1.50
2016.01.26 09:01:02.594,2.04081,2.04112,1.00,1.00
2016.01.26 09:01:02.746,2.04081,2.04116,1.00,1.37
2016.01.26 09:01:03.408,2.04081,2.04116,1.00,1.00
2016.01.26 09:01:03.583,2.04081,2.04113,1.00,1.00
2016.01.26 09:01:03.785,2.04078,2.04113,1.00,1.00
2016.01.26 09:01:03.836,2.04076,2.04111,1.37,1.00
2016.01.26 09:01:03.887,2.04074,2.04111,1.00,1.00
2016.01.26 09:01:03.988,2.04074,2.0411,1.75,1.00
2016.01.26 09:01:04.511,2.04076,2.04111,1.37,1.00
2016.01.26 09:01:04.930,2.04074,2.04108,2.25,1.00
2016.01.26 09:01:05.183,2.0407,2.04108,1.00,1.00
2016.01.26 09:01:05.824,2.0407,2.04107,1.00,1.00
2016.01.26 09:01:06.347,2.0407,2.04106,1.50,1.00
2016.01.26 09:01:06.550,2.04073,2.04106,1.00,1.00
2016.01.26 09:01:07.069,2.04073,2.04107,1.50,1.00
2016.01.26 09:01:07.451,2.04076,2.04116,1.12,1.75
2016.01.26 09:01:07.502,2.04076,2.04116,1.50,1.00
2016.01.26 09:01:07.553,2.04076,2.04116,1.75,1.00
2016.01.26 09:01:07.654,2.04083,2.04122,1.37,1.00
2016.01.26 09:01:07.806,2.0408,2.0412,1.75,1.00
2016.01.26 09:01:08.112,2.04078,2.04117,1.75,1.00
2016.01.26 09:01:08.385,2.04083,2.04122,1.37,1.00
2016.01.26 09:01:09.074,2.04081,2.04121,2.25,1.00
2016.01.26 09:01:09.227,2.04078,2.04118,1.87,1.37
2016.01.26 09:01:09.329,2.04078,2.04118,1.00,1.50
2016.01.26 09:01:09.430,2.04077,2.04116,1.00,1.12
2016.01.26 09:01:09.760,2.04078,2.04114,1.00,1.00
2016.01.26 09:01:10.097,2.04083,2.04125,1.37,1.12
2016.01.26 09:01:10.148,2.04086,2.04125,1.00,1.12
2016.01.26 09:01:10.452,2.04088,2.04127,1.00,1.50
2016.01.26 09:01:10.605,2.04089,2.04127,1.12,1.12
2016.01.26 09:01:11.286,2.04089,2.04124,1.00,1.50
2016.01.26 09:01:11.337,2.04087,2.04124,1.00,1.87
2016.01.26 09:01:11.438,2.0409,2.04121,1.95,1.12
2016.01.26 09:01:11.640,2.04102,2.04124,1.50,1.00
2016.01.26 09:01:11.741,2.04102,2.04121,1.50,1.00
2016.01.26 09:01:12.030,2.04092,2.04116,1.37,1.00
2016.01.26 09:01:12.181,2.04091,2.04113,1.50,1.00
2016.01.26 09:01:12.636,2.04088,2.04115,1.75,1.00
2016.01.26 09:01:12.907,2.04099,2.04127,1.75,1.00
2016.01.26 09:01:12.958,2.04099,2.04127,1.75,1.37
2016.01.26 09:01:14.532,2.04112,2.04129,1.00,1.00
2016.01.26 09:01:14.634,2.04111,2.04136,1.50,1.00
2016.01.26 09:01:14.735,2.04111,2.04139,1.50,1.00
2016.01.26 09:01:15.008,2.04111,2.04136,1.50,1.00
2016.01.26 09:01:15.160,2.04111,2.0414,1.50,1.00
2016.01.26 09:01:15.637,2.04112,2.04143,1.12,1.50
2016.01.26 09:01:15.738,2.04108,2.04141,1.37,1.00
2016.01.26 09:01:16.048,2.04106,2.04121,1.00,1.00
2016.01.26 09:01:16.150,2.04088,2.04117,1.00,1.00
2016.01.26 09:01:16.489,2.04088,2.04113,1.00,1.00
2016.01.26 09:01:16.897,2.0408,2.04111,1.00,1.00
2016.01.26 09:01:17.150,2.0408,2.04107,1.00,1.00
2016.01.26 09:01:17.554,2.0408,2.0411,1.00,1.00
2016.01.26 09:01:17.973,2.04077,2.04113,1.75,1.37
2016.01.26 09:01:18.024,2.04077,2.04114,1.75,1.00
2016.01.26 09:01:18.075,2.04077,2.04114,1.75,1.37
2016.01.26 09:01:18.378,2.04072,2.04097,1.75,1.00
2016.01.26 09:01:18.530,2.04065,2.04097,1.50,1.00
2016.01.26 09:01:19.048,2.04063,2.04088,1.75,1.00
2016.01.26 09:01:19.253,2.04059,2.04088,1.00,1.00
2016.01.26 09:01:19.556,2.04059,2.04092,1.00,1.00
2016.01.26 09:01:19.859,2.04059,2.04092,1.87,1.00
2016.01.26 09:01:20.037,2.04074,2.04106,1.37,1.00
2016.01.26 09:01:20.088,2.04075,2.04114,1.75,1.50
2016.01.26 09:01:20.241,2.04078,2.04111,1.37,1.00
2016.01.26 09:01:21.765,2.04073,2.04114,1.75,1.00
2016.01.26 09:01:22.425,2.04078,2.04111,1.37,1.00
2016.01.26 09:01:22.779,2.04074,2.04109,1.75,1.00
2016.01.26 09:01:23.184,2.04076,2.04114,1.75,1.00
2016.01.26 09:01:23.460,2.04078,2.04115,1.75,1.00
2016.01.26 09:01:23.780,2.04079,2.04119,2.25,1.00
2016.01.26 09:01:23.882,2.04084,2.04119,1.37,1.00
2016.01.26 09:01:24.386,2.04084,2.04118,1.75,1.00
2016.01.26 09:01:25.290,2.04087,2.04126,1.50,1.00
2016.01.26 09:01:25.392,2.04086,2.04124,1.75,1.00
2016.01.26 09:01:25.809,2.04083,2.04119,1.75,1.00
2016.01.26 09:01:26.717,2.0408,2.04121,3.00,1.00
2016.01.26 09:01:27.233,2.04086,2.0412,2.25,1.00
2016.01.26 09:01:27.283,2.0408,2.0412,2.25,1.37
2016.01.26 09:01:27.385,2.04081,2.04112,1.50,1.00
2016.01.26 09:01:27.435,2.04085,2.04112,1.00,1.00
2016.01.26 09:01:27.486,2.04089,2.04123,1.00,1.12
2016.01.26 09:01:27.587,2.04088,2.04123,1.75,1.00
2016.01.26 09:01:28.117,2.04088,2.04124,1.75,1.00
2016.01.26 09:01:28.268,2.04088,2.04126,1.75,1.00
2016.01.26 09:01:28.420,2.04088,2.04126,2.25,1.37
2016.01.26 09:01:28.522,2.04089,2.04127,1.75,1.37
2016.01.26 09:01:28.573,2.04089,2.04123,1.75,1.00
2016.01.26 09:01:29.062,2.04102,2.04123,1.75,1.00
2016.01.26 09:01:29.113,2.04103,2.04136,1.75,1.00
2016.01.26 09:01:29.366,2.04099,2.04137,2.25,1.00
2016.01.26 09:01:29.720,2.04097,2.04134,1.75,1.00
2016.01.26 09:01:29.822,2.04098,2.04136,1.75,1.00
2016.01.26 09:01:30.124,2.04091,2.04125,1.00,1.50
2016.01.26 09:01:30.276,2.04087,2.04125,1.50,1.00
2016.01.26 09:01:30.327,2.04095,2.04125,1.00,1.00
2016.01.26 09:01:30.630,2.04094,2.04121,1.75,1.00
2016.01.26 09:01:30.681,2.04094,2.04134,1.75,1.00
2016.01.26 09:01:31.160,2.04095,2.04136,1.50,1.00
2016.01.26 09:01:31.212,2.04095,2.04134,2.25,1.00
2016.01.26 09:01:31.606,2.04103,2.04135,1.00,1.00
2016.01.26 09:01:31.915,2.04101,2.04132,1.37,1.00
2016.01.26 09:01:32.423,2.04101,2.04135,1.37,1.37
2016.01.26 09:01:32.625,2.041,2.04135,1.50,1.00
2016.01.26 09:01:32.676,2.041,2.04137,2.25,1.00
2016.01.26 09:01:33.180,2.041,2.04136,1.75,1.00
2016.01.26 09:01:33.522,2.04096,2.04133,1.00,1.87
2016.01.26 09:01:33.573,2.04096,2.04133,1.00,2.25
2016.01.26 09:01:33.674,2.04096,2.04133,1.50,1.50
2016.01.26 09:01:34.179,2.04095,2.04132,2.25,1.00
2016.01.26 09:01:34.432,2.04097,2.04137,1.12,1.50
2016.01.26 09:01:34.667,2.04097,2.04137,1.12,1.37
2016.01.26 09:01:34.979,2.04106,2.04137,1.00,1.00
2016.01.26 09:01:35.983,2.04106,2.04139,1.00,1.00
2016.01.26 09:01:36.185,2.04106,2.04133,1.00,1.00
2016.01.26 09:01:36.387,2.04106,2.04142,1.00,1.00
2016.01.26 09:01:36.639,2.04106,2.04137,1.00,1.00
2016.01.26 09:01:37.014,2.04106,2.04139,1.00,1.00
2016.01.26 09:01:38.741,2.04109,2.04142,1.00,1.00
2016.01.26 09:01:39.044,2.04112,2.04142,1.75,1.00
2016.01.26 09:01:39.775,2.04112,2.04142,1.00,1.00
2016.01.26 09:01:39.826,2.04112,2.04139,1.00,1.00
2016.01.26 09:01:41.057,2.04111,2.04139,1.00,1.00
2016.01.26 09:01:41.360,2.04112,2.04143,1.00,1.00
2016.01.26 09:01:41.411,2.04112,2.04143,1.37,1.00
2016.01.26 09:01:41.727,2.04117,2.04146,1.12,1.00
2016.01.26 09:01:42.131,2.04116,2.04144,2.25,1.00
2016.01.26 09:01:42.850,2.04116,2.0415,2.25,1.00
2016.01.26 09:01:44.132,2.04112,2.04145,2.25,1.00
2016.01.26 09:01:44.334,2.04111,2.04147,1.75,1.00
2016.01.26 09:01:44.536,2.04111,2.0415,1.75,1.00
2016.01.26 09:01:44.638,2.04111,2.04148,1.75,1.00
2016.01.26 09:01:44.890,2.04111,2.0415,1.75,1.00
2016.01.26 09:01:46.076,2.04113,2.04152,1.75,1.00
2016.01.26 09:01:46.177,2.04111,2.04148,1.75,1.00
2016.01.26 09:01:46.696,2.04114,2.04149,1.75,1.00
2016.01.26 09:01:46.999,2.04111,2.04145,2.25,1.00
2016.01.26 09:01:47.534,2.04111,2.04146,1.75,1.00
2016.01.26 09:01:48.290,2.04112,2.04145,1.75,1.00
2016.01.26 09:01:49.660,2.04112,2.04145,1.00,1.00
2016.01.26 09:01:49.868,2.04108,2.04145,1.75,1.00
2016.01.26 09:01:50.021,2.04108,2.04142,1.75,1.00
2016.01.26 09:01:50.527,2.04108,2.04143,1.75,1.00
2016.01.26 09:01:51.496,2.04109,2.04148,1.50,1.00
2016.01.26 09:01:52.353,2.04114,2.04154,1.50,1.87
2016.01.26 09:01:52.404,2.04117,2.04154,1.00,1.50
2016.01.26 09:01:52.505,2.04121,2.04155,1.00,1.00
2016.01.26 09:01:52.825,2.04123,2.04151,1.00,1.00
2016.01.26 09:01:52.877,2.04117,2.04151,1.50,1.00
2016.01.26 09:01:52.928,2.04117,2.04148,1.50,1.00
2016.01.26 09:01:53.231,2.04112,2.04145,1.00,1.00
2016.01.26 09:01:54.105,2.04109,2.04145,2.25,1.00
2016.01.26 09:01:54.207,2.0411,2.04141,1.12,1.00
2016.01.26 09:01:54.459,2.0411,2.04144,1.12,1.00
2016.01.26 09:01:54.560,2.0411,2.04148,1.12,1.00
2016.01.26 09:01:55.340,2.04112,2.04148,1.00,1.00
2016.01.26 09:01:55.643,2.04116,2.04148,1.50,1.00
2016.01.26 09:01:55.744,2.04119,2.04155,1.00,1.00
2016.01.26 09:01:55.846,2.04119,2.04155,1.87,1.00
2016.01.26 09:01:56.163,2.04124,2.04158,1.12,1.00
2016.01.26 09:01:56.517,2.04124,2.04155,1.12,1.00
2016.01.26 09:01:56.820,2.04118,2.04153,2.25,1.00
2016.01.26 09:01:57.140,2.04126,2.04158,1.50,1.00
2016.01.26 09:01:57.241,2.04127,2.04161,1.12,1.00
2016.01.26 09:01:58.269,2.04127,2.04162,1.12,1.00
2016.01.26 09:01:58.976,2.04127,2.0416,1.87,1.00
2016.01.26 09:02:00.396,2.04127,2.04162,1.75,1.00
2016.01.26 09:02:00.662,2.04129,2.04164,1.75,1.00
2016.01.26 09:02:01.196,2.04126,2.04163,2.25,1.00
2016.01.26 09:02:01.794,2.04133,2.04165,1.00,1.00
2016.01.26 09:02:01.945,2.04138,2.04174,1.12,1.00
2016.01.26 09:02:02.148,2.04144,2.04179,1.00,1.00
2016.01.26 09:02:02.602,2.04144,2.04175,1.00,1.00
2016.01.26 09:02:03.270,2.04144,2.04178,1.00,1.00
2016.01.26 09:02:04.129,2.04144,2.04175,1.00,1.00
2016.01.26 09:02:04.345,2.04136,2.04175,1.12,1.00
2016.01.26 09:02:04.396,2.04137,2.04179,1.00,1.50
2016.01.26 09:02:04.497,2.04137,2.04179,1.00,1.50
2016.01.26 09:02:04.801,2.04136,2.04175,1.12,1.00
2016.01.26 09:02:05.105,2.04133,2.04173,1.75,1.00
2016.01.26 09:02:05.257,2.04133,2.04172,1.50,1.00
2016.01.26 09:02:05.670,2.04138,2.04179,1.87,1.00
2016.01.26 09:02:05.976,2.04152,2.04191,1.00,1.87
2016.01.26 09:02:06.229,2.04152,2.04193,1.50,2.25
2016.01.26 09:02:06.490,2.04156,2.04194,1.00,1.00
2016.01.26 09:02:06.591,2.04159,2.04198,1.12,1.00
2016.01.26 09:02:06.692,2.04156,2.04197,1.00,2.25
2016.01.26 09:02:07.839,2.0416,2.04196,1.00,1.50
2016.01.26 09:02:07.890,2.0416,2.04198,1.75,1.00
2016.01.26 09:02:08.395,2.04157,2.04197,1.75,1.00
2016.01.26 09:02:08.971,2.04158,2.04199,1.75,1.00
2016.01.26 09:02:09.073,2.04157,2.04197,1.75,1.00
2016.01.26 09:02:10.197,2.04159,2.04198,1.87,1.00
2016.01.26 09:02:10.399,2.04157,2.04194,1.00,1.50
2016.01.26 09:02:10.602,2.04157,2.04192,1.00,1.00
2016.01.26 09:02:10.703,2.04155,2.04192,1.00,1.00
2016.01.26 09:02:10.855,2.04155,2.04189,1.00,1.00
2016.01.26 09:02:11.422,2.04152,2.04189,1.00,1.00
2016.01.26 09:02:11.825,2.04156,2.04189,1.00,1.00
2016.01.26 09:02:12.309,2.04152,2.04185,1.50,1.00
2016.01.26 09:02:12.473,2.04152,2.04187,1.50,1.00
2016.01.26 09:02:12.574,2.04152,2.04191,1.50,1.00
2016.01.26 09:02:14.230,2.04152,2.0419,1.00,1.00
2016.01.26 09:02:14.780,2.04152,2.04189,1.00,1.00
2016.01.26 09:02:15.383,2.04152,2.04188,1.00,1.00
2016.01.26 09:02:16.093,2.04152,2.04184,1.00,1.00
2016.01.26 09:02:16.548,2.04152,2.04181,1.00,1.00
2016.01.26 09:02:16.598,2.04146,2.04181,1.00,1.00
2016.01.26 09:02:16.800,2.04146,2.04184,1.00,1.00
2016.01.26 09:02:18.147,2.04146,2.04184,1.00,1.37
2016.01.26 09:02:18.349,2.04146,2.04185,1.00,1.12
2016.01.26 09:02:18.667,2.04146,2.04173,1.00,1.00
2016.01.26 09:02:18.819,2.04137,2.04173,2.25,1.00
2016.01.26 09:02:19.324,2.04132,2.04174,2.25,1.00
2016.01.26 09:02:19.391,2.04132,2.04172,1.75,1.00
2016.01.26 09:02:20.605,2.04133,2.04173,1.75,1.00
2016.01.26 09:02:20.921,2.04132,2.04171,2.25,1.00
2016.01.26 09:02:22.412,2.04132,2.04169,1.87,1.00
2016.01.26 09:02:22.599,2.04138,2.04176,1.37,1.00
2016.01.26 09:02:22.650,2.0414,2.0418,1.87,1.12
2016.01.26 09:02:22.802,2.04141,2.0418,1.00,1.00
2016.01.26 09:02:22.853,2.04139,2.04176,1.00,1.00
2016.01.26 09:02:23.168,2.04141,2.04176,1.00,1.00
2016.01.26 09:02:23.688,2.0414,2.04176,1.00,1.00
2016.01.26 09:02:24.028,2.0414,2.04178,1.00,1.00
2016.01.26 09:02:24.281,2.04145,2.04181,1.00,1.00
2016.01.26 09:02:24.781,2.04143,2.04178,1.00,1.00
2016.01.26 09:02:24.933,2.0414,2.04181,1.00,1.50
2016.01.26 09:02:25.135,2.0414,2.04178,1.00,1.00
2016.01.26 09:02:25.488,2.0414,2.0418,1.50,1.00
2016.01.26 09:02:26.430,2.0414,2.04179,1.00,1.00
2016.01.26 09:02:26.588,2.04141,2.04181,1.12,1.00
2016.01.26 09:02:29.260,2.04138,2.04178,1.00,1.00
2016.01.26 09:02:29.412,2.04139,2.04181,1.00,1.50
2016.01.26 09:02:29.866,2.04145,2.04181,1.00,1.00
2016.01.26 09:02:30.068,2.04141,2.04181,1.12,1.00
2016.01.26 09:02:31.567,2.04143,2.04181,1.00,1.00
2016.01.26 09:02:31.893,2.04148,2.04182,1.00,1.00
2016.01.26 09:02:32.296,2.04148,2.04186,1.00,1.50
2016.01.26 09:02:32.498,2.04148,2.04183,1.00,1.00
2016.01.26 09:02:34.807,2.04148,2.04186,1.50,1.50
2016.01.26 09:02:35.467,2.04149,2.04186,1.00,1.50
2016.01.26 09:02:36.108,2.04153,2.04186,1.00,1.50
2016.01.26 09:02:36.158,2.04153,2.04192,1.00,1.00
2016.01.26 09:02:36.260,2.04155,2.04192,1.00,1.00
2016.01.26 09:02:36.698,2.04155,2.04184,1.00,1.00
2016.01.26 09:02:36.920,2.04154,2.04186,1.00,1.00
2016.01.26 09:02:38.029,2.04154,2.04189,1.00,1.50
2016.01.26 09:02:39.222,2.04154,2.04187,1.00,1.00
2016.01.26 09:02:39.775,2.04154,2.04185,1.00,1.00
2016.01.26 09:02:40.504,2.04151,2.04185,1.00,1.00
2016.01.26 09:02:42.602,2.04151,2.04183,1.00,1.00
2016.01.26 09:02:43.598,2.04151,2.0418,1.00,1.00
2016.01.26 09:02:43.967,2.04148,2.0418,1.00,1.00
2016.01.26 09:02:44.068,2.04145,2.04178,1.00,1.00
2016.01.26 09:02:44.169,2.04145,2.0418,1.00,1.00
2016.01.26 09:02:45.036,2.04142,2.0418,1.50,1.00
2016.01.26 09:02:45.137,2.04142,2.0418,1.00,1.12
2016.01.26 09:02:45.289,2.0414,2.04176,1.00,1.00
2016.01.26 09:02:45.490,2.0414,2.04179,1.00,1.00
2016.01.26 09:02:47.852,2.04141,2.0418,1.00,2.62
2016.01.26 09:02:48.156,2.04132,2.04166,1.00,1.00
2016.01.26 09:02:48.870,2.04129,2.04166,1.00,1.00
2016.01.26 09:02:49.122,2.04129,2.04168,1.50,1.00
2016.01.26 09:02:50.189,2.04133,2.04168,1.00,1.12
2016.01.26 09:02:51.149,2.04133,2.04167,1.00,1.00
2016.01.26 09:02:51.402,2.04138,2.04173,1.12,1.00
2016.01.26 09:02:51.553,2.04141,2.04173,1.00,1.00
2016.01.26 09:02:51.755,2.04142,2.04178,1.00,2.25
2016.01.26 09:02:52.499,2.04142,2.04174,1.00,1.00
2016.01.26 09:02:53.617,2.04139,2.04174,1.00,1.00
2016.01.26 09:02:54.217,2.04138,2.04173,1.00,1.00
2016.01.26 09:02:54.838,2.04138,2.04165,1.00,1.00
2016.01.26 09:02:54.891,2.04129,2.04158,1.00,1.12
2016.01.26 09:02:54.992,2.04114,2.0415,1.12,1.00
2016.01.26 09:02:55.093,2.04116,2.04151,1.00,1.00
2016.01.26 09:02:55.498,2.04118,2.04153,1.00,1.50
2016.01.26 09:02:55.873,2.04124,2.04153,1.00,1.50
2016.01.26 09:02:56.712,2.04121,2.04153,1.00,1.50
2016.01.26 09:02:56.971,2.04123,2.04153,1.00,1.50
2016.01.26 09:02:57.022,2.04121,2.04153,1.00,1.50
2016.01.26 09:02:57.565,2.0412,2.04153,1.00,1.50
2016.01.26 09:02:59.327,2.04121,2.04152,1.00,1.12
2016.01.26 09:03:00.425,2.0412,2.04152,1.00,1.12
2016.01.26 09:03:01.124,2.04118,2.04153,1.00,1.50
2016.01.26 09:03:01.277,2.04114,2.04153,1.00,1.12
2016.01.26 09:03:01.530,2.04095,2.0413,1.00,1.00
2016.01.26 09:03:01.754,2.04095,2.04135,1.50,1.37
2016.01.26 09:03:01.957,2.04108,2.04144,1.00,1.00
2016.01.26 09:03:02.008,2.0411,2.04144,1.37,1.00
2016.01.26 09:03:02.160,2.0412,2.04153,1.00,1.00
2016.01.26 09:03:02.211,2.0412,2.04159,1.00,2.25
2016.01.26 09:03:03.197,2.04119,2.04152,1.50,1.00
2016.01.26 09:03:03.399,2.04112,2.04148,1.00,1.87
2016.01.26 09:03:03.910,2.04113,2.04147,1.00,1.50
2016.01.26 09:03:03.961,2.04115,2.04147,1.00,1.50
2016.01.26 09:03:04.163,2.04113,2.04147,1.00,1.50
2016.01.26 09:03:04.668,2.04112,2.04147,1.00,1.00
2016.01.26 09:03:06.373,2.0411,2.04147,1.12,1.00
2016.01.26 09:03:07.543,2.0411,2.04147,1.12,1.37
2016.01.26 09:03:07.847,2.04108,2.04148,2.25,1.00
2016.01.26 09:03:08.151,2.04108,2.04146,1.00,1.00
2016.01.26 09:03:08.472,2.04104,2.0414,1.00,1.00
2016.01.26 09:03:09.132,2.04106,2.04143,1.12,1.12
2016.01.26 09:03:09.385,2.04109,2.04143,1.00,1.12
2016.01.26 09:03:09.890,2.04108,2.04143,1.12,1.12
2016.01.26 09:03:10.514,2.0411,2.04151,1.00,2.25
2016.01.26 09:03:11.121,2.04113,2.04151,1.00,1.75
2016.01.26 09:03:11.424,2.04137,2.0416,1.00,1.37
2016.01.26 09:03:11.474,2.04137,2.04173,1.00,1.75
2016.01.26 09:03:11.669,2.0414,2.04174,1.00,1.37
2016.01.26 09:03:11.720,2.0414,2.04174,1.00,1.00
2016.01.26 09:03:12.426,2.04134,2.04172,1.00,1.00
2016.01.26 09:03:12.477,2.04134,2.0417,1.00,1.00
2016.01.26 09:03:13.117,2.04137,2.0417,1.00,1.00
2016.01.26 09:03:13.369,2.04144,2.04179,1.00,1.50
2016.01.26 09:03:13.420,2.04141,2.04181,1.00,1.75
2016.01.26 09:03:14.068,2.04141,2.0418,1.00,1.75
2016.01.26 09:03:14.372,2.04139,2.04175,1.00,1.75
2016.01.26 09:03:14.473,2.04137,2.04175,1.00,1.75
2016.01.26 09:03:16.178,2.04138,2.04174,1.00,1.50
2016.01.26 09:03:16.679,2.04139,2.04174,1.00,1.50
2016.01.26 09:03:16.730,2.04137,2.04174,1.00,1.50
2016.01.26 09:03:18.030,2.04139,2.04175,1.00,2.25
2016.01.26 09:03:18.433,2.04129,2.04152,1.00,1.00
2016.01.26 09:03:18.484,2.04099,2.04129,1.00,1.37
2016.01.26 09:03:18.585,2.04087,2.04126,1.00,2.25
2016.01.26 09:03:18.686,2.0409,2.04126,1.00,1.00
2016.01.26 09:03:18.788,2.0409,2.04129,1.00,1.37
2016.01.26 09:03:18.889,2.04087,2.04128,1.12,1.12
2016.01.26 09:03:19.277,2.04087,2.04123,1.12,1.00
2016.01.26 09:03:19.379,2.04087,2.04128,1.12,1.12
2016.01.26 09:03:21.294,2.04087,2.04127,1.87,1.00
2016.01.26 09:03:22.490,2.04085,2.04127,1.50,1.37
2016.01.26 09:03:22.541,2.04085,2.04122,1.50,1.00
2016.01.26 09:03:23.569,2.04081,2.04119,1.37,1.50
2016.01.26 09:03:23.620,2.04081,2.04119,1.00,1.50
2016.01.26 09:03:23.804,2.04078,2.04116,3.00,1.00
2016.01.26 09:03:24.108,2.04086,2.04122,1.00,1.00
2016.01.26 09:03:25.500,2.04086,2.04126,1.00,1.50
2016.01.26 09:03:25.964,2.04084,2.04126,1.00,1.50
2016.01.26 09:03:26.295,2.04084,2.04124,1.00,1.00
2016.01.26 09:03:26.648,2.04087,2.04126,1.00,1.00
2016.01.26 09:03:28.313,2.04083,2.04119,1.00,1.00
2016.01.26 09:03:28.364,2.04083,2.04123,1.00,1.00
2016.01.26 09:03:29.037,2.04085,2.04123,1.00,1.00
2016.01.26 09:03:29.240,2.04085,2.04126,1.00,1.50
2016.01.26 09:03:29.421,2.04091,2.04126,1.00,1.00
2016.01.26 09:03:30.651,2.04091,2.04129,1.00,1.00
2016.01.26 09:03:31.184,2.04091,2.04129,1.37,1.00
2016.01.26 09:03:31.235,2.04093,2.04131,1.00,1.00
2016.01.26 09:03:31.753,2.04093,2.04132,1.00,1.12
2016.01.26 09:03:32.355,2.0409,2.04132,1.00,2.25
2016.01.26 09:03:32.406,2.0409,2.04127,1.00,1.00
2016.01.26 09:03:32.709,2.04087,2.04127,1.00,2.25
2016.01.26 09:03:33.289,2.04086,2.04125,1.00,1.50
2016.01.26 09:03:34.186,2.04086,2.04125,1.37,1.50
2016.01.26 09:03:34.439,2.04085,2.04124,1.00,1.12
2016.01.26 09:03:34.969,2.04084,2.04124,1.00,1.12
2016.01.26 09:03:35.323,2.04083,2.04122,1.12,1.00
2016.01.26 09:03:35.771,2.04083,2.04116,1.12,1.00
2016.01.26 09:03:35.822,2.04073,2.04112,1.12,1.00
2016.01.26 09:03:35.973,2.04074,2.04114,1.00,1.12
2016.01.26 09:03:36.799,2.04077,2.04115,1.50,1.37
2016.01.26 09:03:37.102,2.04078,2.04108,1.75,1.00
2016.01.26 09:03:37.204,2.04078,2.04118,1.75,1.37
2016.01.26 09:03:37.540,2.04076,2.04118,2.25,1.37
2016.01.26 09:03:37.911,2.04084,2.04124,1.00,2.25
2016.01.26 09:03:37.962,2.0408,2.0412,2.25,1.37
2016.01.26 09:03:38.337,2.04078,2.04118,2.25,1.37
2016.01.26 09:03:38.540,2.04076,2.04114,1.00,1.00
2016.01.26 09:03:39.052,2.04076,2.04103,1.00,1.00
2016.01.26 09:03:39.153,2.04076,2.04108,1.00,1.00
2016.01.26 09:03:40.604,2.04076,2.04107,1.00,1.00
2016.01.26 09:03:40.756,2.04081,2.04107,1.00,1.00
2016.01.26 09:03:40.807,2.04081,2.04121,1.50,1.50
2016.01.26 09:03:40.858,2.04086,2.04121,1.37,1.00
2016.01.26 09:03:41.117,2.04089,2.04128,1.00,1.00
2016.01.26 09:03:41.358,2.04083,2.04119,1.75,1.00
2016.01.26 09:03:41.561,2.04075,2.04116,2.25,1.00
2016.01.26 09:03:42.066,2.04076,2.04115,1.75,1.00
2016.01.26 09:03:42.314,2.0408,2.04119,1.00,1.00
2016.01.26 09:03:42.365,2.04083,2.04119,1.37,1.00
2016.01.26 09:03:42.467,2.04083,2.04121,1.50,1.00
2016.01.26 09:03:42.568,2.04086,2.04125,1.00,1.00
2016.01.26 09:03:44.226,2.04083,2.04122,1.50,1.00
2016.01.26 09:03:44.530,2.04082,2.04124,1.12,1.75
2016.01.26 09:03:45.075,2.04083,2.04123,1.00,1.50
2016.01.26 09:03:46.112,2.04081,2.04122,1.50,1.37
2016.01.26 09:03:46.214,2.04083,2.04123,1.00,2.62
2016.01.26 09:03:46.430,2.04081,2.04121,1.00,1.12
2016.01.26 09:03:46.632,2.04081,2.04118,1.00,1.00
2016.01.26 09:03:48.336,2.0408,2.04118,1.12,1.00
2016.01.26 09:03:48.653,2.04086,2.04121,1.12,1.00
2016.01.26 09:03:48.855,2.04086,2.04126,1.87,1.00
2016.01.26 09:03:49.191,2.04086,2.04122,1.12,1.00
2016.01.26 09:03:50.295,2.04086,2.04125,1.12,1.00
2016.01.26 09:03:50.799,2.04086,2.04126,1.87,1.00
2016.01.26 09:03:51.051,2.04086,2.04124,1.12,1.00
2016.01.26 09:03:52.516,2.04079,2.04117,1.12,1.00
2016.01.26 09:03:52.819,2.04082,2.04122,1.00,1.50
2016.01.26 09:03:53.721,2.04083,2.04122,1.00,1.50
2016.01.26 09:03:54.212,2.04083,2.04124,1.37,2.25
2016.01.26 09:03:54.263,2.04083,2.04124,1.75,1.87
2016.01.26 09:03:54.817,2.04083,2.04123,2.25,1.00
2016.01.26 09:03:55.322,2.04083,2.04122,2.25,1.00
2016.01.26 09:03:56.307,2.04079,2.04121,2.25,1.00
2016.01.26 09:03:56.774,2.04079,2.04121,1.87,1.37
2016.01.26 09:03:58.180,2.04083,2.04121,1.00,1.37
2016.01.26 09:04:00.944,2.04084,2.04125,1.00,2.25
2016.01.26 09:04:01.593,2.04085,2.04125,1.00,1.75
2016.01.26 09:04:02.706,2.04085,2.04125,1.12,1.00
2016.01.26 09:04:02.908,2.04087,2.04128,1.00,1.75
2016.01.26 09:04:03.463,2.04091,2.04129,1.00,2.25
2016.01.26 09:04:04.587,2.04087,2.04128,1.50,2.25
2016.01.26 09:04:06.546,2.04088,2.04126,1.00,1.12
2016.01.26 09:04:09.259,2.04087,2.04124,1.00,1.00
2016.01.26 09:04:09.983,2.04084,2.04122,1.00,2.25
2016.01.26 09:04:10.286,2.04079,2.0411,1.00,1.00
2016.01.26 09:04:10.387,2.04077,2.0411,1.00,1.00
2016.01.26 09:04:10.740,2.04079,2.0411,1.00,1.00
2016.01.26 09:04:12.178,2.04081,2.04113,1.00,1.00
2016.01.26 09:04:13.687,2.04082,2.04113,1.00,1.00
2016.01.26 09:04:13.788,2.04082,2.04115,1.00,1.00
2016.01.26 09:04:13.939,2.04085,2.04115,1.00,1.00
2016.01.26 09:04:14.142,2.04083,2.04115,1.00,1.00
2016.01.26 09:04:14.344,2.04079,2.04115,1.50,1.00
2016.01.26 09:04:14.394,2.04081,2.04115,1.00,1.00
2016.01.26 09:04:15.140,2.04083,2.04115,1.00,1.00
2016.01.26 09:04:15.241,2.0408,2.04115,1.50,1.00
2016.01.26 09:04:17.832,2.04078,2.04114,1.00,1.00
2016.01.26 09:04:18.084,2.0408,2.04114,1.00,1.00
2016.01.26 09:04:18.625,2.0408,2.04115,1.00,1.00
2016.01.26 09:04:19.448,2.04079,2.04115,1.00,1.00
2016.01.26 09:04:20.266,2.04078,2.0411,1.00,1.00
2016.01.26 09:04:20.367,2.04072,2.04107,1.00,1.87
2016.01.26 09:04:20.883,2.0407,2.04103,1.00,1.00
2016.01.26 09:04:21.387,2.0407,2.04105,1.00,1.00
2016.01.26 09:04:21.645,2.0407,2.04103,1.00,1.00
2016.01.26 09:04:21.948,2.04076,2.04111,1.00,2.25
2016.01.26 09:04:21.999,2.04076,2.04111,1.00,2.25
2016.01.26 09:04:22.151,2.04079,2.04111,1.00,1.50
2016.01.26 09:04:22.504,2.04076,2.04111,1.00,1.50
2016.01.26 09:04:22.743,2.04076,2.04109,1.00,1.00
2016.01.26 09:04:22.794,2.04073,2.04109,1.00,1.00
2016.01.26 09:04:22.845,2.04071,2.04107,1.00,1.37
2016.01.26 09:04:23.350,2.0407,2.04106,1.00,2.25
2016.01.26 09:04:24.095,2.04068,2.04104,1.00,1.12
2016.01.26 09:04:24.148,2.04066,2.041,1.00,1.00
2016.01.26 09:04:24.199,2.04062,2.04098,1.50,1.00
2016.01.26 09:04:24.250,2.04064,2.041,1.00,1.00
2016.01.26 09:04:24.503,2.04067,2.04103,1.00,1.00
2016.01.26 09:04:24.812,2.04079,2.04116,1.00,1.00
2016.01.26 09:04:24.863,2.04083,2.04118,1.00,1.00
2016.01.26 09:04:25.014,2.04086,2.04122,1.50,1.00
2016.01.26 09:04:25.116,2.04089,2.04124,1.00,1.00
2016.01.26 09:04:25.628,2.04088,2.04124,1.00,1.00
2016.01.26 09:04:25.932,2.04085,2.04122,1.37,1.00
2016.01.26 09:04:26.449,2.04085,2.04122,1.00,1.87
2016.01.26 09:04:27.128,2.04085,2.04119,1.00,1.00
2016.01.26 09:04:27.381,2.04078,2.04116,1.00,1.87
2016.01.26 09:04:27.432,2.04078,2.04113,1.00,1.00
2016.01.26 09:04:27.795,2.04078,2.04116,1.00,1.00
2016.01.26 09:04:27.896,2.04082,2.04117,1.00,1.00
2016.01.26 09:04:28.405,2.04082,2.04118,1.00,1.00
2016.01.26 09:04:28.709,2.04083,2.04118,1.00,1.75
2016.01.26 09:04:28.939,2.0408,2.04115,1.50,1.00
2016.01.26 09:04:29.042,2.0408,2.04112,1.00,1.00
2016.01.26 09:04:29.094,2.04075,2.04112,1.87,1.00
2016.01.26 09:04:29.198,2.04075,2.04112,1.50,1.75
2016.01.26 09:04:30.619,2.04077,2.04114,1.00,1.75
2016.01.26 09:04:31.148,2.04078,2.04114,1.00,1.75
2016.01.26 09:04:31.643,2.04079,2.04114,1.00,1.00
2016.01.26 09:04:32.047,2.0408,2.04118,1.00,1.87
2016.01.26 09:04:32.622,2.04082,2.04118,1.00,1.87
2016.01.26 09:04:33.130,2.04083,2.0412,1.00,1.50
2016.01.26 09:04:33.383,2.04083,2.0412,1.37,1.00
2016.01.26 09:04:33.678,2.04085,2.0412,1.37,1.00
2016.01.26 09:04:33.880,2.04088,2.04123,1.50,1.00
2016.01.26 09:04:35.458,2.04088,2.04121,1.50,1.00
2016.01.26 09:04:36.048,2.04088,2.0412,1.50,1.00
2016.01.26 09:04:36.352,2.04094,2.04124,1.50,1.00
2016.01.26 09:04:36.453,2.04099,2.04133,1.00,1.00
2016.01.26 09:04:36.554,2.04099,2.04135,2.25,1.50
2016.01.26 09:04:37.096,2.04099,2.04132,1.00,1.00
2016.01.26 09:04:37.349,2.04096,2.0413,1.50,1.00
2016.01.26 09:04:38.107,2.04094,2.04128,1.50,1.00
2016.01.26 09:04:38.418,2.04089,2.04122,1.12,1.00
2016.01.26 09:04:38.469,2.04089,2.04124,1.12,1.00
2016.01.26 09:04:38.873,2.04089,2.04127,1.87,1.00
2016.01.26 09:04:39.126,2.04091,2.04127,1.00,1.00
2016.01.26 09:04:40.084,2.04092,2.04129,1.00,1.00
2016.01.26 09:04:40.185,2.04092,2.04129,1.37,1.00
2016.01.26 09:04:40.545,2.04094,2.04131,1.00,1.00
2016.01.26 09:04:40.596,2.04093,2.04128,1.00,1.00
2016.01.26 09:04:40.901,2.04088,2.04124,1.75,1.00
2016.01.26 09:04:42.231,2.04087,2.04124,1.00,1.50
2016.01.26 09:04:42.902,2.04087,2.04123,1.00,1.00
2016.01.26 09:04:42.953,2.04084,2.04122,1.00,1.00
2016.01.26 09:04:44.322,2.04084,2.04121,1.00,1.00
2016.01.26 09:04:45.071,2.04084,2.04119,1.00,1.00
2016.01.26 09:04:46.257,2.04086,2.04122,1.00,1.00
2016.01.26 09:04:46.509,2.04084,2.0412,1.00,1.00
2016.01.26 09:04:47.343,2.04084,2.04118,1.00,1.00
2016.01.26 09:04:47.394,2.04082,2.04118,1.50,1.50
2016.01.26 09:04:47.898,2.04085,2.0412,1.00,1.00
2016.01.26 09:04:49.120,2.04085,2.04113,1.00,1.00
2016.01.26 09:04:49.408,2.04082,2.04113,1.50,1.00
2016.01.26 09:04:51.064,2.04078,2.04113,1.00,1.00
2016.01.26 09:04:51.684,2.04077,2.04113,1.12,1.00
2016.01.26 09:04:51.937,2.04076,2.0411,1.50,1.00
2016.01.26 09:04:52.241,2.04065,2.04096,1.00,1.00
2016.01.26 09:04:52.442,2.04066,2.04103,1.12,1.00
2016.01.26 09:04:52.825,2.04064,2.04099,2.25,1.00
2016.01.26 09:04:52.977,2.04064,2.04099,1.00,1.50
2016.01.26 09:04:53.331,2.04061,2.04095,1.50,1.00
2016.01.26 09:04:54.056,2.04059,2.04095,1.00,1.00
2016.01.26 09:04:54.586,2.04059,2.04088,1.00,1.12
2016.01.26 09:04:54.637,2.04046,2.04081,1.00,1.00
2016.01.26 09:04:54.940,2.04047,2.04084,1.00,1.00
2016.01.26 09:04:55.041,2.04047,2.04085,1.87,1.00
2016.01.26 09:04:55.344,2.04059,2.0409,1.00,1.00
2016.01.26 09:04:55.677,2.04062,2.04091,1.00,1.00
2016.01.26 09:04:55.728,2.04061,2.04098,1.00,1.00
2016.01.26 09:04:56.233,2.04062,2.04098,1.37,1.50
2016.01.26 09:04:57.148,2.04063,2.04096,1.00,1.00
2016.01.26 09:04:57.665,2.04063,2.04095,1.00,1.00
2016.01.26 09:04:58.533,2.04068,2.04096,1.37,1.00
2016.01.26 09:04:58.584,2.04069,2.04101,1.00,1.50
2016.01.26 09:04:59.990,2.04063,2.04101,2.25,1.00
2016.01.26 09:05:00.244,2.04067,2.04102,1.00,1.00
2016.01.26 09:05:00.547,2.04067,2.041,1.00,1.00
2016.01.26 09:05:00.598,2.04064,2.041,1.12,1.50
2016.01.26 09:05:00.962,2.04063,2.04098,1.50,1.00
2016.01.26 09:05:01.468,2.04063,2.04099,1.50,1.00
2016.01.26 09:05:01.800,2.04062,2.04097,1.75,1.00
2016.01.26 09:05:02.121,2.04081,2.04117,1.00,1.00
2016.01.26 09:05:02.172,2.04081,2.04117,1.37,1.00
2016.01.26 09:05:07.217,2.04082,2.04117,1.00,1.00
2016.01.26 09:05:10.341,2.04081,2.04117,1.00,1.00
2016.01.26 09:05:13.430,2.04079,2.04117,1.87,1.00
2016.01.26 09:05:14.133,2.0408,2.04117,1.00,1.00
2016.01.26 09:05:14.661,2.04082,2.04117,1.00,1.00
2016.01.26 09:05:15.272,2.04085,2.04119,1.00,1.00
2016.01.26 09:05:15.425,2.04086,2.04123,1.12,1.00
2016.01.26 09:05:17.143,2.04085,2.04119,1.87,1.00
2016.01.26 09:05:17.295,2.04074,2.0411,1.75,1.00
2016.01.26 09:05:17.447,2.04072,2.04109,1.00,1.00
2016.01.26 09:05:17.631,2.04071,2.04103,1.00,1.00
2016.01.26 09:05:18.388,2.04072,2.04103,1.00,1.00
2016.01.26 09:05:18.798,2.04072,2.04107,1.00,1.00
2016.01.26 09:05:18.899,2.04072,2.0411,1.50,1.00
2016.01.26 09:05:19.151,2.04075,2.0411,1.00,1.00
2016.01.26 09:05:19.910,2.04076,2.0411,1.37,1.00
2016.01.26 09:05:20.265,2.04072,2.04108,1.87,1.00
2016.01.26 09:05:20.467,2.0407,2.04106,2.25,1.00
2016.01.26 09:05:20.833,2.0407,2.04104,1.75,1.00
2016.01.26 09:05:21.594,2.04065,2.04102,1.12,1.00
2016.01.26 09:05:21.863,2.04065,2.04098,1.12,1.00
2016.01.26 09:05:22.369,2.04064,2.041,1.50,1.00
2016.01.26 09:05:22.743,2.04064,2.04095,1.50,1.00
2016.01.26 09:05:23.441,2.04066,2.04095,1.00,1.00
2016.01.26 09:05:23.748,2.0407,2.04097,1.00,1.00
2016.01.26 09:05:24.261,2.04069,2.04097,1.00,1.00
2016.01.26 09:05:24.765,2.0407,2.04097,1.00,1.00
2016.01.26 09:05:25.028,2.04067,2.04103,1.00,1.00
2016.01.26 09:05:25.079,2.04063,2.04096,1.75,1.00
2016.01.26 09:05:25.130,2.04064,2.04098,1.50,1.87
2016.01.26 09:05:25.180,2.04064,2.04094,1.50,1.00
2016.01.26 09:05:25.383,2.04059,2.04094,1.00,1.00
2016.01.26 09:05:25.906,2.04058,2.04094,1.50,1.00
2016.01.26 09:05:26.580,2.04056,2.04091,1.00,1.00
2016.01.26 09:05:27.115,2.04056,2.0409,1.00,1.00
2016.01.26 09:05:27.620,2.04056,2.04091,1.50,1.00
2016.01.26 09:05:28.065,2.04069,2.04104,1.50,1.75
2016.01.26 09:05:28.116,2.04069,2.04101,1.00,1.00
2016.01.26 09:05:28.167,2.04065,2.04101,1.00,1.00
2016.01.26 09:05:28.217,2.04068,2.04104,1.37,1.00
2016.01.26 09:05:28.723,2.04067,2.04104,2.25,1.50
2016.01.26 09:05:29.181,2.04062,2.04098,1.87,1.87
2016.01.26 09:05:29.284,2.04057,2.04092,1.12,1.00
2016.01.26 09:05:30.431,2.04057,2.04091,1.12,1.00
2016.01.26 09:05:31.139,2.04054,2.04091,2.25,1.37
2016.01.26 09:05:31.605,2.0405,2.04088,1.87,1.00
2016.01.26 09:05:31.656,2.0405,2.04084,1.37,1.00
2016.01.26 09:05:31.959,2.04043,2.04077,1.00,1.00
2016.01.26 09:05:32.161,2.04039,2.04075,1.00,1.00
2016.01.26 09:05:32.515,2.04036,2.04071,1.00,1.00
2016.01.26 09:05:32.667,2.04033,2.04071,1.00,1.00
2016.01.26 09:05:33.440,2.04031,2.04071,2.25,1.00
2016.01.26 09:05:35.315,2.04028,2.04068,3.00,1.00
2016.01.26 09:05:35.618,2.04028,2.04066,2.25,1.12
2016.01.26 09:05:35.770,2.04023,2.04062,1.75,1.50
2016.01.26 09:05:35.821,2.04023,2.04062,1.00,1.50
2016.01.26 09:05:36.289,2.04023,2.04057,1.00,1.00
2016.01.26 09:05:36.491,2.04011,2.0405,1.00,1.12
2016.01.26 09:05:36.973,2.04009,2.04047,3.00,1.00
2016.01.26 09:05:37.175,2.04005,2.04045,3.00,1.00
2016.01.26 09:05:37.680,2.04005,2.04044,1.50,1.00
2016.01.26 09:05:37.886,2.04005,2.0404,1.00,1.00
2016.01.26 09:05:37.987,2.04005,2.04043,1.00,1.00
2016.01.26 09:05:38.089,2.04007,2.04048,1.00,1.50
2016.01.26 09:05:38.190,2.04011,2.04048,1.00,1.50
2016.01.26 09:05:38.493,2.04013,2.0405,1.00,1.00
2016.01.26 09:05:38.814,2.04013,2.04053,1.00,1.00
2016.01.26 09:05:39.067,2.04014,2.04048,1.00,1.00
2016.01.26 09:05:39.270,2.04014,2.0405,1.00,1.00
2016.01.26 09:05:39.321,2.04011,2.0405,1.50,1.00
2016.01.26 09:05:39.372,2.04012,2.04044,1.00,1.00
2016.01.26 09:05:39.777,2.04011,2.04039,1.00,1.00
2016.01.26 09:05:39.929,2.04011,2.04047,1.00,1.00
2016.01.26 09:05:40.284,2.04012,2.04048,1.37,1.00
2016.01.26 09:05:40.440,2.04015,2.04053,1.00,1.00
2016.01.26 09:05:40.542,2.04015,2.04053,1.37,1.00
2016.01.26 09:05:41.593,2.04017,2.04053,1.00,1.37
2016.01.26 09:05:42.374,2.04017,2.04051,1.00,1.00
2016.01.26 09:05:43.466,2.04017,2.04053,1.00,1.00
2016.01.26 09:05:46.331,2.04018,2.04053,1.00,1.00
2016.01.26 09:05:46.881,2.04018,2.04054,1.00,1.00
2016.01.26 09:05:47.393,2.04017,2.04053,1.00,1.00
2016.01.26 09:05:47.784,2.04017,2.04051,1.00,1.37
2016.01.26 09:05:47.835,2.04017,2.04051,1.00,1.50
2016.01.26 09:05:47.886,2.04017,2.04047,1.00,1.00
2016.01.26 09:05:49.060,2.04017,2.04048,1.00,1.00
2016.01.26 09:05:49.392,2.04017,2.04051,1.00,1.00
2016.01.26 09:05:49.746,2.04017,2.04054,1.00,1.50
2016.01.26 09:05:49.847,2.04019,2.04059,1.37,1.50
2016.01.26 09:05:50.174,2.04018,2.04055,1.00,1.00
2016.01.26 09:05:50.496,2.04017,2.04052,1.00,1.00
2016.01.26 09:05:50.597,2.04013,2.0405,1.00,1.00
2016.01.26 09:05:51.155,2.04013,2.04048,1.00,1.00
2016.01.26 09:05:51.459,2.04012,2.04042,1.00,1.00
2016.01.26 09:05:51.510,2.04012,2.0405,1.00,1.50
2016.01.26 09:05:51.712,2.04015,2.0405,1.00,1.00
2016.01.26 09:05:52.066,2.04018,2.0405,1.00,1.00
2016.01.26 09:05:52.598,2.04018,2.04049,1.00,1.00
2016.01.26 09:05:52.699,2.04018,2.04054,1.00,1.87
2016.01.26 09:05:53.061,2.04018,2.04057,1.50,1.37
2016.01.26 09:05:54.218,2.04018,2.04054,1.00,1.00
2016.01.26 09:05:55.220,2.04019,2.04054,1.00,1.00
2016.01.26 09:05:55.483,2.04019,2.04058,1.00,1.00
2016.01.26 09:05:55.584,2.04018,2.04054,1.00,1.00
2016.01.26 09:05:56.498,2.0402,2.04057,1.00,1.00
2016.01.26 09:05:56.902,2.04026,2.04058,1.75,1.00
2016.01.26 09:05:57.003,2.04028,2.04065,1.12,1.00
2016.01.26 09:05:57.105,2.04033,2.04063,1.50,1.00
2016.01.26 09:05:57.499,2.04033,2.0406,1.50,1.00
2016.01.26 09:05:57.652,2.04025,2.04058,2.25,1.00
2016.01.26 09:05:57.804,2.04021,2.04058,1.00,1.00
2016.01.26 09:05:59.629,2.04021,2.04059,1.00,1.00
2016.01.26 09:05:59.848,2.0402,2.04055,1.00,1.00
2016.01.26 09:06:00.063,2.04016,2.04055,1.50,1.00
2016.01.26 09:06:00.701,2.04017,2.04055,1.00,1.00
2016.01.26 09:06:00.752,2.04017,2.04053,1.00,1.00
2016.01.26 09:06:00.954,2.0402,2.04061,1.00,2.25
2016.01.26 09:06:01.805,2.0402,2.04061,1.37,1.87
2016.01.26 09:06:01.856,2.04022,2.04061,1.00,1.00
2016.01.26 09:06:03.149,2.04018,2.0406,1.75,1.00
2016.01.26 09:06:03.579,2.04018,2.04058,1.75,1.00
2016.01.26 09:06:05.221,2.0402,2.04059,1.50,1.00
2016.01.26 09:06:05.524,2.04028,2.04063,1.87,1.00
2016.01.26 09:06:05.826,2.04033,2.04063,1.00,1.00
2016.01.26 09:06:06.383,2.04033,2.04067,1.00,1.00
2016.01.26 09:06:06.675,2.0403,2.04067,1.00,1.00
2016.01.26 09:06:06.978,2.04028,2.04067,1.00,1.50
2016.01.26 09:06:07.875,2.04028,2.04066,1.00,1.00
2016.01.26 09:06:10.847,2.04029,2.04067,1.00,1.00
2016.01.26 09:06:11.054,2.04034,2.0407,1.12,1.00
2016.01.26 09:06:11.559,2.04035,2.0407,1.00,1.00
2016.01.26 09:06:12.183,2.04035,2.04074,1.00,1.00
2016.01.26 09:06:12.806,2.04035,2.0407,1.00,1.00
2016.01.26 09:06:13.311,2.04033,2.0407,1.50,1.50
2016.01.26 09:06:14.211,2.04031,2.04065,1.75,1.00
2016.01.26 09:06:14.755,2.0403,2.04065,1.00,1.12
2016.01.26 09:06:14.856,2.04025,2.0406,1.12,1.00
2016.01.26 09:06:15.260,2.04026,2.04064,1.12,1.00
2016.01.26 09:06:15.743,2.04026,2.04062,1.00,1.00
2016.01.26 09:06:16.046,2.04029,2.04062,1.00,1.00
2016.01.26 09:06:16.147,2.04026,2.04062,1.00,1.00
2016.01.26 09:06:16.715,2.04024,2.04062,1.87,1.00
2016.01.26 09:06:16.766,2.04024,2.04057,1.37,1.00
2016.01.26 09:06:17.070,2.04019,2.04053,1.00,1.00
2016.01.26 09:06:17.171,2.04019,2.0405,1.00,1.00
2016.01.26 09:06:17.692,2.04018,2.0405,1.12,1.00
2016.01.26 09:06:18.200,2.04018,2.04049,1.12,1.00
2016.01.26 09:06:18.503,2.04025,2.04051,1.00,1.00
2016.01.26 09:06:18.905,2.0402,2.04051,1.00,1.00
2016.01.26 09:06:19.409,2.04021,2.04051,1.00,1.00
2016.01.26 09:06:19.784,2.04017,2.04051,1.37,1.00
2016.01.26 09:06:19.886,2.04014,2.04051,1.00,1.50
2016.01.26 09:06:20.088,2.03998,2.0403,1.00,1.00
2016.01.26 09:06:20.815,2.03999,2.0403,2.25,1.00
2016.01.26 09:06:20.873,2.04002,2.04032,1.00,1.00
2016.01.26 09:06:21.025,2.04003,2.04038,1.00,1.00
2016.01.26 09:06:21.076,2.04006,2.04038,1.00,1.00
2016.01.26 09:06:21.228,2.04006,2.04043,1.00,1.50
2016.01.26 09:06:21.279,2.04008,2.04043,1.00,1.00
2016.01.26 09:06:21.960,2.04005,2.04041,1.00,1.00
2016.01.26 09:06:22.061,2.04002,2.04041,1.00,1.50
2016.01.26 09:06:22.163,2.04,2.0404,1.00,2.25
2016.01.26 09:06:22.365,2.04,2.04034,1.00,1.00
2016.01.26 09:06:22.517,2.03998,2.04034,1.00,1.50
2016.01.26 09:06:22.883,2.03998,2.04028,1.00,1.00
2016.01.26 09:06:22.934,2.03999,2.04032,1.00,1.37
2016.01.26 09:06:23.448,2.03998,2.04032,1.00,1.50
2016.01.26 09:06:23.499,2.03998,2.04022,1.00,1.00
2016.01.26 09:06:23.701,2.03998,2.04025,1.00,1.00
2016.01.26 09:06:24.154,2.03998,2.04029,1.00,1.50
2016.01.26 09:06:25.652,2.03999,2.04029,1.00,1.00
2016.01.26 09:06:27.257,2.03998,2.04029,1.00,1.00
2016.01.26 09:06:27.308,2.03998,2.04029,1.75,1.00
2016.01.26 09:06:27.359,2.03998,2.04031,2.25,1.00
2016.01.26 09:06:27.410,2.03999,2.04033,1.37,1.00
2016.01.26 09:06:27.622,2.03999,2.04033,1.12,1.00
2016.01.26 09:06:28.126,2.04005,2.04034,1.00,1.00
2016.01.26 09:06:28.228,2.04003,2.04034,1.00,1.00
2016.01.26 09:06:28.581,2.03998,2.04033,1.00,3.00
2016.01.26 09:06:28.873,2.03998,2.04028,1.00,1.50
2016.01.26 09:06:29.179,2.03998,2.04031,1.37,1.00
2016.01.26 09:06:29.230,2.03998,2.04035,2.25,1.12
2016.01.26 09:06:29.331,2.03999,2.04037,1.50,1.00
2016.01.26 09:06:29.843,2.03998,2.04036,2.25,1.12
2016.01.26 09:06:29.894,2.03998,2.04032,1.75,1.00
2016.01.26 09:06:30.096,2.03999,2.04036,1.50,1.50
2016.01.26 09:06:30.500,2.03998,2.04034,1.00,2.25
2016.01.26 09:06:30.752,2.03999,2.0404,2.25,1.50
2016.01.26 09:06:31.034,2.04006,2.04042,1.00,1.00
2016.01.26 09:06:31.337,2.0401,2.04046,1.12,1.00
2016.01.26 09:06:31.439,2.04006,2.04046,1.00,1.12
2016.01.26 09:06:32.760,2.04004,2.04045,1.00,1.00
2016.01.26 09:06:34.380,2.04006,2.04045,1.00,1.00
2016.01.26 09:06:34.837,2.04008,2.04047,1.50,1.00
2016.01.26 09:06:35.495,2.04008,2.04048,1.50,1.00
2016.01.26 09:06:35.798,2.04006,2.04045,1.75,1.00
2016.01.26 09:06:36.064,2.04009,2.04048,1.12,1.00
2016.01.26 09:06:36.216,2.04017,2.04048,1.00,1.00
2016.01.26 09:06:36.267,2.04017,2.04051,1.00,1.00
2016.01.26 09:06:36.318,2.04014,2.04054,2.62,1.00
2016.01.26 09:06:36.470,2.04022,2.04064,1.75,1.50
2016.01.26 09:06:37.431,2.04022,2.04064,1.75,1.87
2016.01.26 09:06:37.532,2.0402,2.04058,1.12,1.00
2016.01.26 09:06:37.735,2.04019,2.04058,1.37,1.37
2016.01.26 09:06:38.038,2.0402,2.04057,1.75,1.00
2016.01.26 09:06:38.320,2.04016,2.04056,2.25,1.37
2016.01.26 09:06:38.422,2.04016,2.04056,1.37,1.75
2016.01.26 09:06:38.523,2.04014,2.04052,1.00,1.37
2016.01.26 09:06:38.725,2.0401,2.04046,1.00,1.00
2016.01.26 09:06:38.776,2.04007,2.04044,2.62,1.00
2016.01.26 09:06:39.794,2.04005,2.04042,2.25,1.00
2016.01.26 09:06:40.097,2.03999,2.04023,1.00,1.00
2016.01.26 09:06:40.198,2.03999,2.04025,1.00,1.00
2016.01.26 09:06:40.726,2.03998,2.04025,1.00,1.00
2016.01.26 09:06:41.231,2.03999,2.04025,1.00,1.00
2016.01.26 09:06:41.769,2.03998,2.04025,1.00,1.00
2016.01.26 09:06:42.617,2.03998,2.04027,1.00,1.00
2016.01.26 09:06:43.319,2.03998,2.0403,1.00,1.00
2016.01.26 09:06:43.472,2.04005,2.04032,1.00,1.50
2016.01.26 09:06:43.624,2.04007,2.04037,1.50,1.00
2016.01.26 09:06:43.776,2.04007,2.04035,1.50,1.00
2016.01.26 09:06:43.877,2.04001,2.04035,1.87,1.00
2016.01.26 09:06:43.929,2.04001,2.04033,1.00,1.00
2016.01.26 09:06:43.980,2.04006,2.04029,1.00,1.00
2016.01.26 09:06:44.081,2.03998,2.04029,1.00,1.00
2016.01.26 09:06:44.589,2.03999,2.04028,1.00,1.00
2016.01.26 09:06:45.136,2.03999,2.04029,1.00,1.00
2016.01.26 09:06:45.661,2.03999,2.04028,1.00,1.00
2016.01.26 09:06:45.964,2.03998,2.04025,1.00,1.00
2016.01.26 09:06:46.115,2.03999,2.04029,1.00,1.75
2016.01.26 09:06:46.216,2.03999,2.04029,1.50,1.00
2016.01.26 09:06:46.267,2.03999,2.04033,1.87,1.00
2016.01.26 09:06:46.368,2.04002,2.04037,1.87,1.00
2016.01.26 09:06:46.586,2.04006,2.04037,1.00,1.00
2016.01.26 09:06:48.455,2.04002,2.04037,1.12,1.00
2016.01.26 09:06:51.893,2.04002,2.04036,1.00,1.00
2016.01.26 09:06:51.994,2.04002,2.0402,1.00,1.37
2016.01.26 09:06:52.096,2.03999,2.0402,1.00,1.00
2016.01.26 09:06:52.197,2.03985,2.04021,1.37,1.50
2016.01.26 09:06:52.610,2.03984,2.04017,2.25,1.00
2016.01.26 09:06:52.916,2.03981,2.04012,1.37,1.00
2016.01.26 09:06:53.220,2.03981,2.04017,1.37,1.00
2016.01.26 09:06:53.270,2.03981,2.04017,1.75,1.00
2016.01.26 09:06:53.321,2.0399,2.04022,1.00,1.37
2016.01.26 09:06:53.494,2.03996,2.04022,1.37,1.37
2016.01.26 09:06:53.546,2.04007,2.04038,1.00,1.00
2016.01.26 09:06:53.597,2.04007,2.04038,1.00,1.37
2016.01.26 09:06:53.647,2.04004,2.04035,1.37,1.00
2016.01.26 09:06:53.800,2.04004,2.04035,1.00,1.37
2016.01.26 09:06:53.851,2.04001,2.04034,1.00,1.37
2016.01.26 09:06:54.003,2.03998,2.04034,1.75,1.37
2016.01.26 09:06:54.577,2.03998,2.04034,1.75,1.50
2016.01.26 09:06:54.931,2.03996,2.04032,2.25,1.00
2016.01.26 09:06:55.234,2.03997,2.04027,1.75,1.00
2016.01.26 09:06:55.487,2.03996,2.04032,1.75,1.50
2016.01.26 09:06:55.849,2.03998,2.04035,1.75,1.00
2016.01.26 09:06:56.598,2.03998,2.04034,2.25,1.87
2016.01.26 09:06:56.960,2.03997,2.04027,1.00,1.00
2016.01.26 09:06:57.113,2.03992,2.04027,1.00,1.50
2016.01.26 09:06:57.265,2.03994,2.04028,1.00,1.12
2016.01.26 09:06:57.720,2.0399,2.04026,1.50,1.00
2016.01.26 09:06:59.591,2.03989,2.04025,1.75,1.00
2016.01.26 09:06:59.693,2.03989,2.04025,1.00,1.37
2016.01.26 09:06:59.794,2.03989,2.04022,1.00,1.00
2016.01.26 09:07:00.116,2.03989,2.0402,1.00,1.00
2016.01.26 09:07:00.267,2.03989,2.04024,1.00,1.37
2016.01.26 09:07:00.814,2.03989,2.04023,1.00,1.00
2016.01.26 09:07:03.260,2.03989,2.04023,1.87,1.00
2016.01.26 09:07:03.311,2.03991,2.04026,1.37,1.00
2016.01.26 09:07:03.412,2.0399,2.04024,2.25,1.00
2016.01.26 09:07:03.891,2.03987,2.04023,1.12,1.12
2016.01.26 09:07:03.992,2.03987,2.04019,1.12,1.00
2016.01.26 09:07:05.187,2.03987,2.04017,1.12,1.00
2016.01.26 09:07:05.490,2.03987,2.04015,1.12,1.00
2016.01.26 09:07:05.642,2.03987,2.04017,1.12,1.00
2016.01.26 09:07:06.475,2.03986,2.04017,1.37,1.37
2016.01.26 09:07:06.627,2.03983,2.04009,1.00,1.00
2016.01.26 09:07:06.678,2.03981,2.04009,1.12,1.00
2016.01.26 09:07:06.779,2.03981,2.04016,1.12,1.50
2016.01.26 09:07:07.184,2.03981,2.04013,1.12,1.00
2016.01.26 09:07:08.816,2.0397,2.04005,1.75,1.00
2016.01.26 09:07:09.321,2.03969,2.04004,1.75,1.00
2016.01.26 09:07:09.372,2.03969,2.04007,1.75,1.50
2016.01.26 09:07:09.801,2.03967,2.04004,1.75,1.00
2016.01.26 09:07:10.165,2.03964,2.04001,1.75,1.00
2016.01.26 09:07:10.367,2.03964,2.04004,2.25,1.00
2016.01.26 09:07:10.418,2.03964,2.04004,2.25,1.00
2016.01.26 09:07:11.114,2.03964,2.04003,2.25,1.00
2016.01.26 09:07:11.266,2.03967,2.04003,1.00,1.50
2016.01.26 09:07:11.477,2.03965,2.04003,1.12,1.50
2016.01.26 09:07:11.681,2.03967,2.04003,1.00,1.50
2016.01.26 09:07:12.194,2.03966,2.04003,1.00,1.00
2016.01.26 09:07:12.745,2.03965,2.04002,1.12,1.00
2016.01.26 09:07:13.265,2.03965,2.04004,1.12,1.50
2016.01.26 09:07:13.568,2.03964,2.04004,1.50,2.62
2016.01.26 09:07:14.109,2.03963,2.04001,1.75,1.00
2016.01.26 09:07:14.768,2.03963,2.04,1.75,1.00
2016.01.26 09:07:15.271,2.03963,2.03999,1.75,1.00
2016.01.26 09:07:15.777,2.03962,2.03998,1.75,1.00
2016.01.26 09:07:18.743,2.03963,2.04,1.75,1.00
2016.01.26 09:07:19.769,2.03964,2.03999,1.50,1.00
2016.01.26 09:07:20.374,2.03964,2.04,1.50,1.00
2016.01.26 09:07:21.662,2.03964,2.03999,1.50,1.00
2016.01.26 09:07:22.228,2.03963,2.04,1.75,1.00
2016.01.26 09:07:22.734,2.03962,2.03999,1.75,1.00
2016.01.26 09:07:22.785,2.03963,2.04003,2.25,1.00
2016.01.26 09:07:23.587,2.03965,2.04004,1.12,1.00
2016.01.26 09:07:23.739,2.03966,2.04004,1.37,1.00
2016.01.26 09:07:24.042,2.03969,2.04,1.37,1.00
2016.01.26 09:07:24.245,2.03955,2.03991,1.37,1.12
2016.01.26 09:07:24.296,2.03951,2.03991,2.25,1.12
2016.01.26 09:07:24.346,2.03956,2.03994,1.12,1.37
2016.01.26 09:07:24.523,2.03976,2.03994,1.00,1.37
2016.01.26 09:07:24.574,2.03976,2.04013,1.00,1.00
2016.01.26 09:07:24.627,2.03976,2.04013,1.75,1.00
2016.01.26 09:07:24.931,2.03985,2.04018,1.00,1.00
2016.01.26 09:07:25.236,2.03988,2.0402,1.00,1.00
2016.01.26 09:07:25.515,2.03987,2.04024,1.00,1.00
2016.01.26 09:07:25.617,2.03987,2.04021,1.00,1.00
2016.01.26 09:07:25.668,2.0398,2.0402,1.00,1.00
2016.01.26 09:07:25.972,2.03983,2.04021,1.00,1.00
2016.01.26 09:07:26.276,2.03987,2.04025,1.37,1.00
2016.01.26 09:07:26.599,2.03994,2.04028,1.00,1.50
2016.01.26 09:07:26.952,2.03992,2.04028,1.00,2.25
2016.01.26 09:07:27.205,2.0399,2.04028,1.00,1.50
2016.01.26 09:07:27.306,2.03987,2.04024,1.00,1.00
2016.01.26 09:07:27.407,2.03985,2.04025,1.00,1.50
2016.01.26 09:07:27.509,2.03983,2.04022,1.00,1.00
2016.01.26 09:07:27.834,2.03987,2.04019,1.00,1.00
2016.01.26 09:07:27.885,2.03987,2.04021,1.00,1.00
2016.01.26 09:07:27.936,2.03987,2.04018,1.00,1.00
2016.01.26 09:07:27.987,2.03983,2.04018,1.00,1.00
2016.01.26 09:07:28.391,2.03987,2.04018,1.00,1.50
2016.01.26 09:07:28.725,2.03985,2.04018,1.00,1.00
2016.01.26 09:07:28.826,2.03977,2.04014,1.50,1.00
2016.01.26 09:07:28.928,2.03972,2.04008,1.00,1.00
2016.01.26 09:07:29.282,2.03978,2.04007,1.00,1.00
2016.01.26 09:07:29.333,2.03978,2.04009,1.00,1.00
2016.01.26 09:07:29.542,2.03975,2.04009,1.00,1.00
2016.01.26 09:07:29.745,2.03972,2.04008,1.12,1.00
2016.01.26 09:07:29.796,2.03972,2.04003,1.12,1.00
2016.01.26 09:07:29.947,2.03968,2.04003,1.50,1.00
2016.01.26 09:07:30.842,2.0397,2.04005,1.00,1.00
2016.01.26 09:07:31.145,2.03968,2.04003,1.50,1.00
2016.01.26 09:07:32.664,2.03968,2.04001,1.00,1.00
2016.01.26 09:07:32.844,2.03966,2.04,1.00,1.12
2016.01.26 09:07:32.895,2.03961,2.03996,1.00,1.00
2016.01.26 09:07:32.946,2.03958,2.03996,1.50,1.50
2016.01.26 09:07:33.047,2.03956,2.03993,1.75,1.00
2016.01.26 09:07:33.352,2.03981,2.04009,1.37,1.00
2016.01.26 09:07:33.403,2.03981,2.04009,1.00,1.00
2016.01.26 09:07:33.454,2.03989,2.04014,1.00,1.00
2016.01.26 09:07:33.764,2.03999,2.04014,1.00,1.00
2016.01.26 09:07:33.815,2.04,2.04017,1.12,1.00
2016.01.26 09:07:33.866,2.04,2.04024,1.12,1.00
2016.01.26 09:07:33.917,2.04007,2.04026,1.00,1.00
2016.01.26 09:07:33.967,2.04007,2.04029,1.00,1.00
2016.01.26 09:07:34.119,2.04007,2.04037,1.00,1.50
2016.01.26 09:07:34.220,2.04005,2.04037,1.00,1.50
2016.01.26 09:07:34.935,2.04,2.0403,1.00,1.50
2016.01.26 09:07:34.986,2.03994,2.04029,1.00,1.37
2016.01.26 09:07:35.340,2.03993,2.04025,1.00,1.00
2016.01.26 09:07:35.795,2.03989,2.04025,1.00,1.00
2016.01.26 09:07:36.081,2.03992,2.04025,1.00,1.00
2016.01.26 09:07:37.444,2.03993,2.04025,1.00,1.00
2016.01.26 09:07:37.596,2.03993,2.04027,1.00,1.00
2016.01.26 09:07:39.565,2.03994,2.0403,1.00,2.25
2016.01.26 09:07:43.664,2.03997,2.04028,1.00,1.12
2016.01.26 09:07:43.715,2.03997,2.04031,1.50,1.00
2016.01.26 09:07:43.766,2.04001,2.04035,1.00,1.50
2016.01.26 09:07:44.108,2.04005,2.04038,1.00,1.00
2016.01.26 09:07:44.265,2.04003,2.04038,1.00,1.00
2016.01.26 09:07:44.770,2.04002,2.04038,1.00,1.00
2016.01.26 09:07:45.795,2.04007,2.04038,1.00,1.00
2016.01.26 09:07:45.896,2.04005,2.04038,1.00,1.00
2016.01.26 09:07:46.573,2.04008,2.04038,1.00,1.00
2016.01.26 09:07:47.229,2.04005,2.04038,1.00,1.00
2016.01.26 09:07:47.586,2.04005,2.0404,1.00,1.50
2016.01.26 09:07:47.891,2.04008,2.0404,1.00,1.50
2016.01.26 09:07:48.209,2.04011,2.0404,1.00,1.50
2016.01.26 09:07:48.311,2.04008,2.0404,1.00,1.50
2016.01.26 09:07:48.574,2.04004,2.04037,1.00,1.50
2016.01.26 09:07:48.837,2.04014,2.04037,1.00,1.00
2016.01.26 09:07:48.988,2.04014,2.0404,1.00,1.00
2016.01.26 09:07:49.090,2.04011,2.0404,1.00,1.00
2016.01.26 09:07:49.191,2.04004,2.0404,1.00,1.50
2016.01.26 09:07:50.266,2.04004,2.04034,1.00,1.00
2016.01.26 09:07:50.317,2.03998,2.04033,1.50,1.00
2016.01.26 09:07:50.368,2.03998,2.04029,1.00,1.12
2016.01.26 09:07:50.519,2.03988,2.04024,1.00,1.75
2016.01.26 09:07:51.096,2.03983,2.04018,1.50,1.00
2016.01.26 09:07:51.198,2.03983,2.04016,1.50,1.00
2016.01.26 09:07:51.501,2.03983,2.04016,1.50,1.75
2016.01.26 09:07:52.380,2.03987,2.04016,1.00,1.37
2016.01.26 09:07:52.431,2.03987,2.04018,1.00,1.00
2016.01.26 09:07:52.482,2.0399,2.04018,1.00,1.00
2016.01.26 09:07:52.911,2.03992,2.04022,1.37,1.12
2016.01.26 09:07:52.962,2.03992,2.04024,1.37,1.00
2016.01.26 09:07:53.013,2.03997,2.04028,1.37,1.00
2016.01.26 09:07:53.204,2.04012,2.04028,1.00,1.00
2016.01.26 09:07:53.255,2.04012,2.04038,1.00,1.00
2016.01.26 09:07:53.407,2.04012,2.04041,1.00,1.00
2016.01.26 09:07:53.508,2.04009,2.04039,1.00,1.00
2016.01.26 09:07:53.559,2.04009,2.04037,1.00,1.00
2016.01.26 09:07:53.710,2.03999,2.04034,1.37,1.00
2016.01.26 09:07:53.761,2.03996,2.04032,1.12,1.00
2016.01.26 09:07:54.187,2.03992,2.0403,1.00,1.00
2016.01.26 09:07:54.288,2.0399,2.04025,1.00,1.00
2016.01.26 09:07:54.780,2.03992,2.04025,1.00,1.00
2016.01.26 09:07:55.368,2.03998,2.04028,1.00,1.00
2016.01.26 09:07:55.685,2.03998,2.04032,1.00,1.00
2016.01.26 09:07:56.790,2.04,2.04032,1.00,1.00
2016.01.26 09:07:57.197,2.04003,2.04033,1.00,1.00
2016.01.26 09:07:57.342,2.04001,2.04033,1.00,1.00
2016.01.26 09:07:57.796,2.03997,2.04033,1.00,1.00
2016.01.26 09:07:57.998,2.03997,2.04035,1.00,1.00
2016.01.26 09:08:00.553,2.03995,2.04032,1.50,1.12
2016.01.26 09:08:01.147,2.03999,2.04034,1.00,1.00
2016.01.26 09:08:01.457,2.04001,2.04034,1.00,1.00
2016.01.26 09:08:01.819,2.03985,2.0402,1.00,1.87
2016.01.26 09:08:01.874,2.0398,2.04017,1.00,1.50
2016.01.26 09:08:02.076,2.03977,2.04012,1.00,1.00
2016.01.26 09:08:02.228,2.03975,2.04012,1.00,1.00
2016.01.26 09:08:03.771,2.03981,2.04014,1.87,1.00
2016.01.26 09:08:03.823,2.03981,2.04016,2.62,1.00
2016.01.26 09:08:04.378,2.03986,2.04021,1.00,1.00
2016.01.26 09:08:04.479,2.0398,2.04018,1.00,1.00
2016.01.26 09:08:04.580,2.0398,2.04018,1.00,1.37
2016.01.26 09:08:04.788,2.03978,2.04014,1.00,1.50
2016.01.26 09:08:05.293,2.03978,2.04014,1.00,1.50
2016.01.26 09:08:06.040,2.03979,2.04015,1.00,1.50
2016.01.26 09:08:07.161,2.03976,2.04013,1.87,1.00
2016.01.26 09:08:09.327,2.03976,2.04,1.37,1.00
2016.01.26 09:08:09.378,2.03966,2.04,1.00,1.00
2016.01.26 09:08:09.480,2.03973,2.04002,1.00,1.00
2016.01.26 09:08:09.582,2.03973,2.04006,1.00,1.00
2016.01.26 09:08:09.683,2.03979,2.04006,1.00,1.00
2016.01.26 09:08:09.734,2.0398,2.04014,1.00,1.00
2016.01.26 09:08:10.170,2.03978,2.04013,1.00,1.00
2016.01.26 09:08:10.221,2.03979,2.04015,1.00,1.00
2016.01.26 09:08:10.993,2.03979,2.04016,1.00,1.00
2016.01.26 09:08:11.438,2.03977,2.04013,1.50,1.00
2016.01.26 09:08:11.954,2.03977,2.04012,1.00,1.00
2016.01.26 09:08:12.409,2.03978,2.0401,1.00,1.00
2016.01.26 09:08:12.662,2.03978,2.04013,1.00,1.50
2016.01.26 09:08:12.764,2.03979,2.04015,1.00,1.50
2016.01.26 09:08:12.916,2.03982,2.04015,1.00,1.00
2016.01.26 09:08:13.448,2.03981,2.04015,1.00,1.00
2016.01.26 09:08:13.806,2.03979,2.04015,1.00,1.00
2016.01.26 09:08:14.492,2.0398,2.04015,1.00,1.00
2016.01.26 09:08:14.644,2.03976,2.04014,1.00,1.00
2016.01.26 09:08:14.695,2.03976,2.0401,1.00,1.00
2016.01.26 09:08:15.006,2.03978,2.0401,1.00,1.00
2016.01.26 09:08:15.461,2.03978,2.04014,1.00,1.00
2016.01.26 09:08:15.973,2.03979,2.04014,1.00,1.00
2016.01.26 09:08:16.278,2.03981,2.04014,1.00,1.00
2016.01.26 09:08:16.329,2.03981,2.04016,1.50,1.00
2016.01.26 09:08:16.500,2.03988,2.04016,1.00,1.00
2016.01.26 09:08:16.551,2.03988,2.04026,1.50,1.50
2016.01.26 09:08:16.703,2.03984,2.04019,1.50,1.00
2016.01.26 09:08:16.855,2.03981,2.04018,2.25,1.00
2016.01.26 09:08:18.389,2.03978,2.04015,1.00,1.00
2016.01.26 09:08:18.799,2.03981,2.04015,1.00,1.00
2016.01.26 09:08:19.153,2.03978,2.04015,1.00,1.00
2016.01.26 09:08:20.360,2.03979,2.04015,1.00,1.00
2016.01.26 09:08:20.411,2.0398,2.04018,1.00,1.00
2016.01.26 09:08:20.983,2.03981,2.04018,1.00,1.00
2016.01.26 09:08:21.136,2.0398,2.04015,1.00,1.00
2016.01.26 09:08:21.453,2.03984,2.0402,1.00,1.00
2016.01.26 09:08:21.974,2.03984,2.04019,1.00,1.00
2016.01.26 09:08:22.681,2.03984,2.0402,1.00,1.00
2016.01.26 09:08:23.672,2.03987,2.0402,1.00,1.00
2016.01.26 09:08:23.773,2.03984,2.0402,1.00,1.00
2016.01.26 09:08:23.824,2.03983,2.04017,1.00,1.00
2016.01.26 09:08:24.076,2.03979,2.04014,1.00,1.00
2016.01.26 09:08:24.544,2.03981,2.04014,1.00,1.00
2016.01.26 09:08:24.766,2.03981,2.04018,1.00,1.00
2016.01.26 09:08:24.867,2.03983,2.04018,1.00,1.00
2016.01.26 09:08:25.128,2.0398,2.04016,1.50,1.00
2016.01.26 09:08:25.819,2.03978,2.04013,1.00,1.00
2016.01.26 09:08:26.072,2.03982,2.0402,1.00,1.00
2016.01.26 09:08:26.224,2.03981,2.04017,1.00,1.00
2016.01.26 09:08:26.527,2.03981,2.04013,1.00,1.00
2016.01.26 09:08:26.841,2.03981,2.04017,1.00,1.00
2016.01.26 09:08:28.683,2.03982,2.0402,1.00,1.00
2016.01.26 09:08:29.246,2.03984,2.0402,1.00,1.00
2016.01.26 09:08:29.347,2.03985,2.04022,1.00,1.00
2016.01.26 09:08:29.851,2.03985,2.04021,1.00,1.37
2016.01.26 09:08:30.154,2.03982,2.04017,1.00,1.00
2016.01.26 09:08:30.784,2.03983,2.04017,1.00,1.00
2016.01.26 09:08:30.886,2.03983,2.04021,1.50,1.00
2016.01.26 09:08:31.138,2.03986,2.04023,1.00,1.00
2016.01.26 09:08:31.962,2.03987,2.04023,1.00,1.00
2016.01.26 09:08:32.265,2.0399,2.04025,1.50,1.00
2016.01.26 09:08:32.879,2.03991,2.04025,1.00,1.00
2016.01.26 09:08:34.007,2.03992,2.04027,1.00,1.00
2016.01.26 09:08:34.527,2.03993,2.04027,1.00,1.00
2016.01.26 09:08:35.431,2.03993,2.04025,1.00,1.00
2016.01.26 09:08:36.909,2.0399,2.04025,1.00,1.00
2016.01.26 09:08:37.170,2.03987,2.04025,1.00,1.50
2016.01.26 09:08:37.423,2.03989,2.04025,1.00,1.00
2016.01.26 09:08:37.840,2.03994,2.04028,1.00,1.00
2016.01.26 09:08:38.244,2.03993,2.04024,1.00,1.00
2016.01.26 09:08:38.295,2.03991,2.04024,1.00,1.00
2016.01.26 09:08:38.823,2.03992,2.04024,1.00,1.00
2016.01.26 09:08:38.924,2.03992,2.04027,1.00,1.00
2016.01.26 09:08:39.278,2.03994,2.0403,1.00,1.00
2016.01.26 09:08:39.329,2.03994,2.04028,1.00,1.00
2016.01.26 09:08:39.480,2.03989,2.04024,1.50,1.00
2016.01.26 09:08:39.582,2.03989,2.04022,1.00,1.00
2016.01.26 09:08:39.898,2.03982,2.04011,1.00,1.00
2016.01.26 09:08:39.949,2.03977,2.04011,1.00,1.00
2016.01.26 09:08:40.151,2.0398,2.04012,1.00,1.00
2016.01.26 09:08:40.353,2.03984,2.04019,1.00,1.00
2016.01.26 09:08:40.455,2.03988,2.04019,1.00,1.00
2016.01.26 09:08:40.606,2.03999,2.04033,1.00,1.00
2016.01.26 09:08:40.817,2.03992,2.04024,1.00,1.00
2016.01.26 09:08:40.919,2.03989,2.04024,1.00,1.00
2016.01.26 09:08:41.426,2.03988,2.04024,1.00,1.00
2016.01.26 09:08:41.731,2.03993,2.04024,1.00,1.00
2016.01.26 09:08:41.783,2.03993,2.04026,1.00,1.00
2016.01.26 09:08:42.563,2.03996,2.04026,1.00,1.00
2016.01.26 09:08:42.878,2.04002,2.04028,1.00,1.37
2016.01.26 09:08:42.928,2.03998,2.04028,1.00,1.00
2016.01.26 09:08:43.080,2.03998,2.04032,1.00,1.00
2016.01.26 09:08:43.282,2.03998,2.04035,2.25,1.50
2016.01.26 09:08:43.333,2.04002,2.04035,1.00,1.37
2016.01.26 09:08:43.485,2.03999,2.04032,1.00,1.00
2016.01.26 09:08:43.586,2.03999,2.04029,1.00,1.00
2016.01.26 09:08:43.687,2.03992,2.04029,1.50,1.00
2016.01.26 09:08:44.309,2.03992,2.04026,1.00,1.00
2016.01.26 09:08:44.815,2.03991,2.04026,1.00,1.00
2016.01.26 09:08:45.239,2.03991,2.04023,1.00,1.75
2016.01.26 09:08:45.289,2.03983,2.0402,1.50,1.00
2016.01.26 09:08:45.391,2.03983,2.04017,1.00,1.00
2016.01.26 09:08:45.442,2.03981,2.04017,1.00,1.00
2016.01.26 09:08:45.946,2.03979,2.04015,1.00,1.37
2016.01.26 09:08:46.098,2.03973,2.0401,2.62,1.00
2016.01.26 09:08:46.309,2.03973,2.0401,2.25,1.37
2016.01.26 09:08:46.517,2.03976,2.04011,1.00,1.00
2016.01.26 09:08:46.821,2.03978,2.04015,1.00,1.50
2016.01.26 09:08:47.415,2.03983,2.04019,1.00,1.50
2016.01.26 09:08:48.035,2.03986,2.04021,1.00,1.50
2016.01.26 09:08:48.360,2.03983,2.04018,1.00,1.00
2016.01.26 09:08:48.866,2.03979,2.04016,1.50,1.00
2016.01.26 09:08:48.967,2.03979,2.04015,1.50,1.50
2016.01.26 09:08:49.436,2.03981,2.04014,1.00,1.12
2016.01.26 09:08:49.790,2.03981,2.04019,1.50,1.50
2016.01.26 09:08:50.627,2.03983,2.04019,1.00,1.50
2016.01.26 09:08:51.140,2.03983,2.0402,1.00,1.12
2016.01.26 09:08:51.897,2.03983,2.04018,1.00,1.00
2016.01.26 09:08:52.352,2.03986,2.0402,1.00,1.12
2016.01.26 09:08:52.654,2.03988,2.04024,1.50,1.50
2016.01.26 09:08:52.856,2.03992,2.04024,1.00,1.00
2016.01.26 09:08:52.907,2.0399,2.04024,1.00,1.00
2016.01.26 09:08:54.057,2.0399,2.04026,1.50,1.00
2016.01.26 09:08:54.815,2.03988,2.04024,1.00,1.00
2016.01.26 09:08:55.469,2.0399,2.04024,1.00,1.00
2016.01.26 09:08:55.671,2.03988,2.04024,1.00,1.00
2016.01.26 09:08:56.176,2.03989,2.04024,1.00,1.00
2016.01.26 09:08:56.726,2.03988,2.04024,1.00,1.00
2016.01.26 09:08:57.029,2.0399,2.04027,1.00,1.12
2016.01.26 09:08:57.702,2.0399,2.04023,1.00,1.00
2016.01.26 09:08:58.015,2.0399,2.04023,1.37,1.00
2016.01.26 09:08:58.167,2.03992,2.04027,1.00,1.00
2016.01.26 09:08:58.218,2.0399,2.04027,1.00,1.00
2016.01.26 09:08:59.424,2.03992,2.04027,1.00,1.00
2016.01.26 09:09:00.632,2.0399,2.04022,1.00,1.00
2016.01.26 09:09:00.684,2.03986,2.04022,1.00,1.00
2016.01.26 09:09:00.735,2.03986,2.0402,1.00,1.00
2016.01.26 09:09:01.268,2.03982,2.04019,1.00,1.00
2016.01.26 09:09:01.420,2.03982,2.04019,1.00,1.37
2016.01.26 09:09:01.471,2.0398,2.04015,1.12,1.12
2016.01.26 09:09:01.572,2.0398,2.04013,1.12,1.00
2016.01.26 09:09:01.885,2.03977,2.0401,2.25,1.00
2016.01.26 09:09:01.936,2.03977,2.04015,3.00,1.50
2016.01.26 09:09:02.292,2.0398,2.04017,1.12,1.50
2016.01.26 09:09:03.829,2.03983,2.04019,1.00,1.00
2016.01.26 09:09:04.143,2.03978,2.04012,1.00,1.12
2016.01.26 09:09:04.345,2.03968,2.04003,1.00,1.50
2016.01.26 09:09:04.447,2.03968,2.04001,1.00,1.00
2016.01.26 09:09:04.767,2.03964,2.03997,1.00,1.00
2016.01.26 09:09:05.434,2.03966,2.03997,1.00,1.00
2016.01.26 09:09:05.692,2.03968,2.04001,1.00,1.00
2016.01.26 09:09:05.844,2.0397,2.04006,1.00,1.75
2016.01.26 09:09:05.895,2.03971,2.04006,1.00,1.00
2016.01.26 09:09:06.405,2.0397,2.04006,1.50,1.00
2016.01.26 09:09:06.507,2.0397,2.04003,1.00,1.50
2016.01.26 09:09:06.557,2.03968,2.04003,1.00,1.50
2016.01.26 09:09:06.659,2.03965,2.04001,1.00,1.00
2016.01.26 09:09:07.013,2.03968,2.04001,1.00,1.00
2016.01.26 09:09:07.316,2.03971,2.04001,1.00,1.00
2016.01.26 09:09:07.569,2.03969,2.04001,1.00,1.00
2016.01.26 09:09:07.974,2.03965,2.04001,1.00,1.00
2016.01.26 09:09:08.027,2.03962,2.03997,1.37,1.00
2016.01.26 09:09:08.129,2.03965,2.04,1.00,1.00
2016.01.26 09:09:08.635,2.03966,2.04,1.00,1.00
2016.01.26 09:09:09.468,2.03967,2.04003,1.00,1.00
2016.01.26 09:09:09.973,2.03968,2.04003,1.00,1.00
2016.01.26 09:09:10.652,2.03971,2.04003,1.00,1.00
2016.01.26 09:09:10.804,2.03971,2.04005,1.00,1.00
2016.01.26 09:09:10.966,2.03973,2.04005,1.00,1.00
2016.01.26 09:09:11.452,2.03973,2.04008,1.00,1.37
2016.01.26 09:09:11.808,2.03971,2.04006,1.00,1.50
2016.01.26 09:09:12.011,2.03973,2.04008,1.00,1.00
2016.01.26 09:09:12.357,2.03995,2.04026,1.00,1.37
2016.01.26 09:09:12.408,2.03996,2.0403,1.00,1.50
2016.01.26 09:09:12.660,2.03996,2.04033,1.50,1.00
2016.01.26 09:09:12.812,2.03994,2.0403,1.87,1.00
2016.01.26 09:09:13.238,2.03992,2.04027,2.25,1.00
2016.01.26 09:09:15.347,2.03995,2.04027,1.00,1.00
2016.01.26 09:09:16.112,2.03995,2.04029,1.00,1.00
2016.01.26 09:09:16.623,2.03995,2.04033,1.50,1.00
2016.01.26 09:09:16.978,2.03994,2.0403,1.12,1.00
2016.01.26 09:09:17.281,2.03992,2.04027,1.87,1.00
2016.01.26 09:09:17.584,2.03994,2.04027,1.00,1.00
2016.01.26 09:09:18.216,2.03995,2.04027,1.00,1.00
2016.01.26 09:09:18.771,2.03993,2.04024,1.00,1.00
2016.01.26 09:09:18.973,2.03989,2.04024,1.00,1.00
2016.01.26 09:09:19.447,2.03986,2.0402,1.37,1.00
2016.01.26 09:09:19.548,2.03981,2.04015,1.00,1.00
2016.01.26 09:09:19.599,2.03981,2.04012,1.00,1.00
2016.01.26 09:09:19.650,2.03977,2.04012,1.00,1.50
2016.01.26 09:09:19.962,2.03979,2.04015,1.00,1.00
2016.01.26 09:09:20.504,2.03979,2.04014,1.00,1.00
2016.01.26 09:09:21.018,2.03979,2.04015,1.00,1.50
2016.01.26 09:09:21.069,2.03977,2.04013,1.00,1.00
2016.01.26 09:09:22.366,2.03981,2.04015,1.37,1.00
2016.01.26 09:09:22.467,2.03984,2.04017,1.50,1.00
2016.01.26 09:09:22.518,2.03992,2.04019,1.00,1.00
2016.01.26 09:09:22.569,2.03992,2.04022,1.00,1.00
2016.01.26 09:09:22.780,2.03994,2.04022,1.00,1.00
2016.01.26 09:09:22.831,2.0399,2.04025,1.50,1.00
2016.01.26 09:09:23.178,2.03987,2.04022,1.50,1.00
2016.01.26 09:09:23.481,2.0399,2.04024,1.00,1.00
2016.01.26 09:09:23.953,2.03989,2.04024,1.00,1.37
2016.01.26 09:09:24.004,2.03986,2.04021,1.00,1.12
2016.01.26 09:09:24.156,2.03984,2.04021,1.00,1.12
2016.01.26 09:09:24.257,2.03984,2.04019,1.00,1.00
2016.01.26 09:09:24.560,2.03976,2.04011,1.00,1.12
2016.01.26 09:09:24.993,2.03976,2.04009,1.00,1.00
2016.01.26 09:09:26.204,2.03973,2.04009,1.00,1.00
2016.01.26 09:09:26.356,2.03971,2.04009,1.12,1.00
2016.01.26 09:09:26.894,2.03973,2.04009,1.00,1.00
2016.01.26 09:09:28.897,2.03971,2.04009,1.00,1.37
2016.01.26 09:09:28.999,2.03968,2.04005,1.00,1.12
2016.01.26 09:09:30.113,2.0397,2.04005,1.00,1.12
2016.01.26 09:09:30.416,2.03963,2.03997,1.00,1.00
2016.01.26 09:09:30.779,2.03967,2.03997,1.00,1.37
2016.01.26 09:09:30.880,2.03961,2.03994,1.50,1.00
2016.01.26 09:09:30.981,2.03957,2.03989,1.12,1.50
2016.01.26 09:09:31.184,2.03949,2.03983,1.00,1.00
2016.01.26 09:09:31.436,2.03952,2.03984,1.00,1.00
2016.01.26 09:09:31.903,2.03949,2.03984,1.50,1.00
2016.01.26 09:09:31.954,2.03955,2.03983,1.00,1.00
2016.01.26 09:09:32.062,2.03955,2.03985,1.00,1.00
2016.01.26 09:09:32.314,2.03958,2.03985,1.00,1.00
2016.01.26 09:09:33.171,2.03956,2.03985,1.00,1.00
2016.01.26 09:09:34.582,2.03956,2.03984,1.00,1.37
2016.01.26 09:09:34.633,2.03951,2.03984,1.00,1.37
2016.01.26 09:09:34.835,2.03947,2.03983,1.00,1.00
2016.01.26 09:09:35.141,2.03949,2.03983,1.00,1.00
2016.01.26 09:09:35.898,2.03949,2.03984,1.00,1.00
2016.01.26 09:09:36.176,2.03947,2.03984,1.12,1.00
2016.01.26 09:09:36.588,2.03953,2.03983,1.00,1.00
2016.01.26 09:09:36.690,2.03953,2.03985,1.00,1.00
2016.01.26 09:09:36.995,2.03951,2.03988,1.37,1.00
2016.01.26 09:09:37.506,2.03952,2.03988,1.00,1.00
2016.01.26 09:09:37.810,2.03948,2.03988,1.37,1.50
2016.01.26 09:09:37.911,2.03946,2.03985,1.37,1.37
2016.01.26 09:09:38.063,2.03945,2.03983,1.00,1.50
2016.01.26 09:09:38.601,2.03944,2.03983,1.00,1.50
2016.01.26 09:09:38.803,2.03946,2.03982,1.00,1.00
2016.01.26 09:09:39.106,2.03937,2.03958,1.00,1.00
2016.01.26 09:09:40.195,2.03937,2.03968,1.00,1.12
2016.01.26 09:09:40.347,2.03938,2.03976,1.00,1.50
2016.01.26 09:09:41.231,2.03941,2.03976,1.00,1.50
2016.01.26 09:09:41.527,2.03941,2.03979,1.00,1.00
2016.01.26 09:09:42.690,2.03944,2.0398,1.00,1.00
2016.01.26 09:09:42.992,2.0395,2.03979,1.00,1.00
2016.01.26 09:09:43.194,2.03942,2.03976,1.00,1.00
2016.01.26 09:09:43.396,2.0394,2.03976,1.00,1.00
2016.01.26 09:09:43.942,2.03941,2.03976,1.00,1.12
2016.01.26 09:09:44.043,2.03937,2.03974,1.12,1.00
2016.01.26 09:09:44.246,2.03938,2.03971,1.00,1.00
2016.01.26 09:09:44.763,2.03938,2.0397,1.00,1.00
2016.01.26 09:09:45.269,2.03938,2.03971,1.00,1.50
2016.01.26 09:09:45.572,2.03937,2.03968,1.00,1.00
2016.01.26 09:09:46.095,2.03938,2.03968,1.00,1.00
2016.01.26 09:09:47.857,2.03938,2.03967,1.00,1.00
2016.01.26 09:09:47.910,2.0393,2.03963,1.00,1.00
2016.01.26 09:09:48.012,2.03925,2.03964,1.12,2.62
2016.01.26 09:09:48.062,2.03923,2.0396,1.37,1.00
2016.01.26 09:09:48.367,2.03923,2.03957,1.37,1.75
2016.01.26 09:09:48.873,2.03925,2.0396,1.00,1.75
2016.01.26 09:09:49.753,2.03924,2.0396,1.00,2.25
2016.01.26 09:09:50.376,2.03921,2.0396,1.75,1.75
2016.01.26 09:09:56.160,2.03923,2.03963,1.12,1.50
2016.01.26 09:09:56.676,2.03923,2.03963,1.75,1.50
2016.01.26 09:09:56.878,2.03929,2.03968,1.00,1.12
2016.01.26 09:09:56.929,2.03931,2.0397,1.00,1.75
2016.01.26 09:09:56.980,2.03931,2.0397,1.50,1.00
2016.01.26 09:09:57.031,2.03931,2.03968,1.50,1.00
2016.01.26 09:09:57.295,2.0393,2.03968,1.00,1.12
2016.01.26 09:09:58.994,2.03933,2.0397,1.37,1.37
2016.01.26 09:09:59.196,2.03948,2.03987,1.00,1.37
2016.01.26 09:09:59.348,2.03952,2.03987,1.00,1.00
2016.01.26 09:09:59.879,2.03953,2.03987,1.00,1.00
2016.01.26 09:09:59.930,2.03949,2.03987,1.00,1.00
2016.01.26 09:10:00.132,2.03954,2.03987,1.00,1.00
2016.01.26 09:10:00.284,2.03954,2.0399,1.00,1.00
2016.01.26 09:10:00.855,2.03952,2.0399,1.00,1.00
2016.01.26 09:10:01.362,2.03951,2.0399,1.00,1.00
2016.01.26 09:10:01.463,2.03948,2.0399,1.00,1.50
2016.01.26 09:10:02.041,2.03947,2.03989,2.25,1.00
2016.01.26 09:10:03.383,2.03947,2.03983,1.00,1.12
2016.01.26 09:10:03.434,2.03935,2.03975,1.37,1.37
2016.01.26 09:10:03.535,2.0393,2.03969,1.87,1.00
2016.01.26 09:10:03.636,2.03928,2.03968,1.37,1.75
2016.01.26 09:10:03.738,2.03924,2.03963,1.12,1.00
2016.01.26 09:10:03.991,2.03923,2.03962,1.37,1.37
2016.01.26 09:10:04.325,2.03926,2.03963,1.09,1.37
2016.01.26 09:10:04.376,2.03932,2.03969,1.37,1.12
2016.01.26 09:10:04.427,2.03938,2.03974,1.37,1.37
2016.01.26 09:10:04.478,2.03938,2.03976,1.37,1.00
2016.01.26 09:10:04.529,2.03938,2.03978,1.37,1.00
2016.01.26 09:10:04.630,2.03944,2.03983,1.00,1.75
2016.01.26 09:10:04.883,2.03944,2.03985,1.50,1.12
2016.01.26 09:10:04.984,2.03946,2.03985,1.00,1.12
2016.01.26 09:10:05.308,2.03937,2.03977,1.00,1.00
2016.01.26 09:10:05.413,2.03937,2.03974,1.00,1.00
2016.01.26 09:10:05.867,2.03937,2.03977,1.00,1.00
2016.01.26 09:10:06.068,2.03938,2.03979,1.00,1.00
2016.01.26 09:10:07.154,2.03941,2.03979,1.00,1.00
2016.01.26 09:10:07.493,2.03943,2.03979,1.00,1.00
2016.01.26 09:10:08.058,2.03942,2.03979,1.00,1.00
2016.01.26 09:10:08.159,2.03939,2.03979,1.00,1.50
2016.01.26 09:10:08.432,2.03941,2.03979,1.00,1.00
2016.01.26 09:10:08.937,2.03939,2.03979,1.00,1.50
2016.01.26 09:10:09.039,2.03943,2.03977,1.00,1.00
2016.01.26 09:10:11.006,2.03942,2.03977,1.00,1.00
2016.01.26 09:10:11.057,2.0394,2.03976,1.00,1.00
2016.01.26 09:10:11.461,2.03939,2.03976,1.00,1.87
2016.01.26 09:10:11.562,2.03935,2.03972,1.50,1.50
2016.01.26 09:10:11.926,2.03937,2.03972,1.00,1.50
2016.01.26 09:10:12.759,2.03943,2.03975,1.00,2.25
2016.01.26 09:10:13.002,2.03937,2.03975,1.00,1.37
2016.01.26 09:10:13.053,2.03941,2.03977,1.37,2.25
2016.01.26 09:10:13.154,2.03947,2.0398,1.00,1.87
2016.01.26 09:10:13.205,2.03945,2.0398,1.00,1.50
2016.01.26 09:10:13.256,2.03944,2.03977,1.50,1.00
2016.01.26 09:10:13.307,2.03944,2.0398,1.50,1.12
2016.01.26 09:10:13.358,2.03946,2.03981,1.00,1.50
2016.01.26 09:10:13.611,2.0395,2.03986,1.00,1.50
2016.01.26 09:10:13.864,2.03953,2.03985,1.00,1.00
2016.01.26 09:10:14.176,2.03953,2.03987,1.00,1.12
2016.01.26 09:10:14.327,2.03951,2.03987,1.00,1.12
2016.01.26 09:10:14.378,2.03951,2.03985,1.00,1.00
2016.01.26 09:10:14.681,2.03955,2.03985,1.00,1.00
2016.01.26 09:10:15.022,2.03958,2.03985,1.00,1.00
2016.01.26 09:10:15.074,2.03961,2.03995,1.00,1.75
2016.01.26 09:10:15.126,2.03963,2.03995,1.00,1.75
2016.01.26 09:10:15.176,2.03964,2.03997,1.00,1.37
2016.01.26 09:10:15.227,2.0397,2.03997,1.00,1.00
2016.01.26 09:10:15.278,2.0397,2.04002,1.00,1.00
2016.01.26 09:10:15.632,2.03968,2.04002,1.00,1.00
2016.01.26 09:10:15.939,2.0397,2.04002,1.00,1.00
2016.01.26 09:10:16.297,2.03967,2.04002,1.00,1.00
2016.01.26 09:10:16.398,2.0397,2.04002,1.00,1.00
2016.01.26 09:10:17.180,2.03967,2.04002,1.00,1.00
2016.01.26 09:10:17.395,2.03969,2.04002,1.00,1.00
2016.01.26 09:10:19.725,2.0397,2.04002,1.00,1.00
2016.01.26 09:10:20.331,2.0397,2.04001,1.00,1.00
2016.01.26 09:10:20.382,2.03967,2.04001,1.00,1.00
2016.01.26 09:10:21.370,2.03967,2.03999,1.00,1.50
2016.01.26 09:10:21.572,2.03957,2.03992,1.50,1.50
2016.01.26 09:10:21.824,2.03954,2.0399,1.00,1.00
2016.01.26 09:10:21.875,2.03956,2.03993,1.50,2.25
2016.01.26 09:10:22.176,2.03964,2.03993,1.00,1.00
2016.01.26 09:10:22.227,2.03961,2.03993,1.00,1.00
2016.01.26 09:10:22.379,2.03961,2.03996,1.00,1.00
2016.01.26 09:10:23.173,2.03961,2.03995,1.00,1.37
2016.01.26 09:10:23.225,2.03957,2.03993,1.00,1.37
2016.01.26 09:10:23.732,2.03956,2.03989,1.00,1.00
2016.01.26 09:10:23.884,2.03953,2.03989,1.50,1.00
2016.01.26 09:10:23.935,2.03953,2.03985,1.00,1.00
2016.01.26 09:10:23.985,2.0395,2.03985,1.87,1.00
2016.01.26 09:10:24.137,2.0395,2.03982,1.87,1.00
2016.01.26 09:10:26.447,2.03956,2.03982,1.00,1.00
2016.01.26 09:10:26.702,2.03957,2.03987,1.00,1.00
2016.01.26 09:10:26.753,2.03957,2.03989,1.00,1.00
2016.01.26 09:10:26.804,2.03957,2.03991,1.00,1.00
2016.01.26 09:10:27.309,2.03957,2.03992,1.00,1.12
2016.01.26 09:10:27.410,2.03953,2.0399,1.50,1.00
2016.01.26 09:10:27.511,2.03953,2.03987,1.00,1.00
2016.01.26 09:10:27.613,2.03951,2.03986,1.00,1.00
2016.01.26 09:10:27.883,2.03951,2.03983,1.00,1.00
2016.01.26 09:10:27.934,2.03945,2.03981,1.00,1.00
2016.01.26 09:10:27.985,2.03945,2.03981,1.00,1.37
2016.01.26 09:10:28.086,2.03941,2.03977,1.50,1.50
2016.01.26 09:10:28.187,2.03939,2.03974,1.00,1.00
2016.01.26 09:10:28.491,2.03937,2.03972,1.00,1.00
2016.01.26 09:10:29.278,2.03938,2.03971,1.00,1.00
2016.01.26 09:10:29.737,2.03935,2.03971,1.00,1.00
2016.01.26 09:10:29.838,2.03935,2.03971,1.37,1.00
2016.01.26 09:10:30.141,2.0394,2.03971,1.00,1.00
2016.01.26 09:10:30.432,2.0394,2.03976,1.00,1.00
2016.01.26 09:10:30.584,2.03942,2.03977,1.00,1.12
2016.01.26 09:10:31.039,2.03944,2.03977,1.00,1.12
2016.01.26 09:10:31.141,2.03948,2.03983,1.00,2.62
2016.01.26 09:10:31.735,2.03942,2.03975,1.12,1.00
2016.01.26 09:10:31.988,2.03931,2.03966,1.00,1.00
2016.01.26 09:10:32.039,2.03931,2.03964,1.00,1.00
2016.01.26 09:10:33.037,2.03927,2.03964,1.00,1.50
2016.01.26 09:10:33.339,2.03927,2.03961,1.00,1.87
2016.01.26 09:10:33.390,2.03924,2.03961,1.50,2.25
2016.01.26 09:10:33.441,2.03924,2.03958,1.12,1.12
2016.01.26 09:10:33.913,2.03925,2.03956,1.00,1.00
2016.01.26 09:10:34.217,2.03925,2.0396,1.00,2.25
2016.01.26 09:10:36.526,2.03925,2.03957,1.00,1.12
2016.01.26 09:10:36.628,2.03921,2.03954,1.87,1.00
2016.01.26 09:10:36.881,2.03921,2.03953,1.00,1.12
2016.01.26 09:10:36.932,2.03923,2.03953,1.37,1.12
2016.01.26 09:10:37.033,2.03931,2.03965,1.00,1.00
2016.01.26 09:10:37.134,2.03931,2.03968,1.50,1.00
2016.01.26 09:10:37.185,2.03934,2.0397,2.25,1.87
2016.01.26 09:10:37.706,2.03936,2.0397,1.00,1.37
2016.01.26 09:10:38.362,2.03935,2.0397,1.00,1.37
2016.01.26 09:10:38.677,2.03924,2.03959,1.00,1.00
2016.01.26 09:10:38.829,2.03923,2.03957,1.00,1.00
2016.01.26 09:10:39.334,2.03923,2.03959,1.00,2.25
2016.01.26 09:10:39.817,2.03925,2.03959,1.00,1.00
2016.01.26 09:10:39.868,2.03928,2.03963,1.00,1.12
2016.01.26 09:10:39.919,2.03926,2.03961,1.00,1.00
2016.01.26 09:10:40.248,2.03928,2.03961,1.00,1.00
2016.01.26 09:10:40.650,2.03931,2.03965,1.00,1.75
2016.01.26 09:10:40.701,2.03928,2.03965,1.00,1.75
2016.01.26 09:10:41.593,2.03932,2.03965,1.00,1.75
2016.01.26 09:10:41.694,2.03929,2.03965,1.00,1.75
2016.01.26 09:10:43.113,2.03926,2.03961,1.00,1.00
2016.01.26 09:10:43.953,2.03924,2.03959,1.50,1.00
2016.01.26 09:10:44.385,2.03924,2.03957,1.00,1.00
2016.01.26 09:10:44.587,2.03914,2.03951,1.50,1.87
2016.01.26 09:10:44.688,2.03911,2.03945,1.00,1.37
2016.01.26 09:10:44.891,2.03904,2.03938,1.00,1.00
2016.01.26 09:10:44.992,2.03906,2.03946,1.00,2.25
2016.01.26 09:10:45.094,2.03908,2.03945,1.00,1.12
2016.01.26 09:10:45.412,2.03924,2.0395,1.00,1.00
2016.01.26 09:10:45.463,2.03921,2.03963,1.00,1.87
2016.01.26 09:10:45.565,2.03921,2.0396,1.00,1.75
2016.01.26 09:10:45.666,2.03914,2.03951,1.37,1.00
2016.01.26 09:10:45.767,2.03912,2.03951,1.00,1.50
2016.01.26 09:10:46.020,2.03915,2.03951,1.00,1.00
2016.01.26 09:10:46.121,2.03911,2.03951,1.50,1.00
2016.01.26 09:10:46.557,2.03915,2.03951,1.00,1.00
2016.01.26 09:10:46.660,2.03912,2.03951,1.00,1.50
2016.01.26 09:10:47.173,2.03913,2.03951,1.00,1.50
2016.01.26 09:10:47.224,2.03915,2.03951,1.00,1.00
2016.01.26 09:10:47.544,2.03922,2.0396,1.00,1.50
2016.01.26 09:10:47.595,2.03922,2.03961,1.00,2.25
2016.01.26 09:10:47.747,2.03919,2.03959,2.25,1.12
2016.01.26 09:10:48.151,2.03921,2.03959,1.50,1.12
2016.01.26 09:10:48.460,2.03923,2.03964,1.00,1.12
2016.01.26 09:10:48.611,2.0393,2.03964,1.00,1.00
2016.01.26 09:10:48.662,2.0393,2.03967,1.00,1.00
2016.01.26 09:10:48.713,2.03932,2.03967,1.00,1.00
2016.01.26 09:10:49.016,2.03935,2.03968,1.50,1.00
2016.01.26 09:10:49.117,2.03935,2.03975,1.50,1.00
2016.01.26 09:10:49.169,2.03944,2.03976,1.00,1.00
2016.01.26 09:10:49.395,2.03941,2.03978,1.50,1.00
2016.01.26 09:10:49.838,2.03939,2.03976,1.87,1.00
2016.01.26 09:10:49.939,2.03945,2.03983,1.00,1.87
2016.01.26 09:10:50.091,2.03945,2.0398,1.00,1.00
2016.01.26 09:10:50.437,2.03951,2.03984,1.37,1.00
2016.01.26 09:10:50.539,2.03954,2.0399,1.12,1.50
2016.01.26 09:10:51.045,2.03952,2.03991,1.00,1.75
2016.01.26 09:10:51.556,2.03943,2.03983,1.37,1.37
2016.01.26 09:10:51.710,2.03932,2.03972,1.75,1.00
2016.01.26 09:10:51.811,2.03932,2.03972,1.00,1.50
2016.01.26 09:10:52.349,2.03933,2.03973,1.00,2.25
2016.01.26 09:10:53.934,2.0393,2.0397,2.62,1.00
2016.01.26 09:10:54.137,2.03933,2.03974,1.00,1.75
2016.01.26 09:10:54.440,2.03935,2.0397,1.00,1.00
2016.01.26 09:10:56.077,2.03937,2.03973,1.00,1.75
2016.01.26 09:11:01.797,2.03938,2.03973,1.00,1.75
2016.01.26 09:11:02.311,2.03937,2.03972,1.50,1.50
2016.01.26 09:11:02.564,2.03942,2.03978,1.00,1.12
2016.01.26 09:11:02.816,2.03947,2.0398,1.00,2.25
2016.01.26 09:11:02.918,2.03948,2.03981,1.00,1.50
2016.01.26 09:11:03.114,2.03955,2.03986,1.00,1.00
2016.01.26 09:11:03.418,2.03961,2.03987,1.00,1.00
2016.01.26 09:11:03.570,2.03961,2.0399,1.00,1.00
2016.01.26 09:11:03.671,2.03963,2.03994,1.00,1.50
2016.01.26 09:11:03.923,2.03963,2.03989,1.00,1.00
2016.01.26 09:11:04.204,2.03956,2.03984,1.00,1.12
2016.01.26 09:11:04.710,2.03955,2.03983,1.00,1.00
2016.01.26 09:11:05.013,2.03955,2.03986,1.00,1.00
2016.01.26 09:11:05.065,2.03955,2.0399,1.00,1.00
2016.01.26 09:11:05.350,2.03957,2.03984,1.00,1.00
2016.01.26 09:11:05.502,2.03953,2.03984,1.00,1.00
2016.01.26 09:11:05.605,2.03952,2.03987,1.00,1.12
2016.01.26 09:11:06.059,2.03955,2.03989,1.00,1.50
2016.01.26 09:11:06.551,2.03955,2.03989,1.00,1.00
2016.01.26 09:11:06.804,2.03955,2.03992,1.00,1.00
2016.01.26 09:11:07.108,2.03958,2.03992,1.00,1.00
2016.01.26 09:11:07.209,2.03958,2.03996,1.50,1.00
2016.01.26 09:11:07.563,2.03965,2.03997,1.00,1.00
2016.01.26 09:11:07.781,2.03966,2.04002,1.75,1.00
2016.01.26 09:11:07.832,2.03967,2.04005,1.50,1.00
2016.01.26 09:11:07.882,2.03966,2.04001,1.75,1.00
2016.01.26 09:11:07.933,2.03966,2.04001,1.00,1.00
2016.01.26 09:11:08.035,2.03963,2.03998,1.87,1.00
2016.01.26 09:11:08.439,2.03965,2.03998,1.00,1.00
2016.01.26 09:11:08.697,2.03965,2.04002,1.00,1.00
2016.01.26 09:11:08.950,2.03963,2.03999,1.87,1.00
2016.01.26 09:11:09.198,2.03966,2.04003,1.00,1.50
2016.01.26 09:11:09.299,2.03966,2.04005,1.00,1.00
2016.01.26 09:11:09.856,2.03967,2.04006,1.00,1.00
2016.01.26 09:11:11.190,2.03966,2.04006,1.00,1.00
2016.01.26 09:11:11.241,2.03966,2.04006,1.00,1.37
2016.01.26 09:11:11.342,2.03963,2.04002,1.00,1.00
2016.01.26 09:11:11.393,2.03967,2.04005,1.00,1.75
2016.01.26 09:11:11.746,2.03964,2.04003,1.00,1.87
2016.01.26 09:11:12.103,2.03958,2.03998,1.50,1.50
2016.01.26 09:11:13.322,2.03958,2.03996,1.87,1.00
2016.01.26 09:11:13.626,2.03966,2.04004,1.00,1.87
2016.01.26 09:11:13.727,2.03959,2.03996,1.00,1.12
2016.01.26 09:11:14.080,2.03957,2.03997,1.00,1.37
2016.01.26 09:11:14.737,2.03958,2.03998,1.00,1.50
2016.01.26 09:11:16.918,2.03954,2.03993,1.87,1.12
2016.01.26 09:11:17.221,2.03945,2.03972,1.00,1.00
2016.01.26 09:11:17.372,2.03932,2.03972,1.75,1.12
2016.01.26 09:11:17.423,2.03932,2.03972,1.75,1.37
2016.01.26 09:11:17.474,2.03928,2.03966,1.75,1.00
2016.01.26 09:11:17.576,2.03928,2.03968,1.75,1.00
2016.01.26 09:11:18.087,2.03929,2.03969,1.75,1.00
2016.01.26 09:11:18.881,2.03929,2.03968,1.75,1.00
2016.01.26 09:11:19.134,2.03932,2.03971,1.87,1.00
2016.01.26 09:11:19.236,2.03935,2.03971,1.87,1.00
2016.01.26 09:11:19.338,2.0394,2.03979,1.00,1.37
2016.01.26 09:11:19.389,2.0394,2.03979,1.50,1.12
2016.01.26 09:11:19.541,2.03942,2.03983,1.00,1.75
2016.01.26 09:11:19.901,2.03946,2.03983,1.00,2.25
2016.01.26 09:11:20.487,2.03946,2.03983,1.00,1.50
2016.01.26 09:11:21.116,2.03946,2.0398,1.00,1.00
2016.01.26 09:11:21.321,2.03946,2.03983,1.00,1.50
2016.01.26 09:11:22.217,2.03946,2.03977,1.00,1.00
2016.01.26 09:11:22.268,2.03944,2.03977,1.00,1.00
2016.01.26 09:11:22.369,2.03942,2.03976,1.00,1.00
2016.01.26 09:11:22.471,2.03945,2.03977,1.00,1.00
2016.01.26 09:11:22.774,2.03947,2.03983,1.50,1.00
2016.01.26 09:11:23.026,2.03949,2.03984,1.00,1.00
2016.01.26 09:11:23.355,2.03954,2.03987,1.00,1.00
2016.01.26 09:11:23.406,2.03956,2.0399,1.00,1.00
2016.01.26 09:11:24.502,2.03956,2.03991,1.00,1.00
2016.01.26 09:11:24.554,2.03958,2.03992,1.00,1.00
2016.01.26 09:11:24.857,2.03954,2.03989,1.00,1.00
2016.01.26 09:11:26.609,2.03954,2.03987,1.00,1.00
2016.01.26 09:11:26.923,2.03961,2.03995,1.00,1.00
2016.01.26 09:11:27.024,2.03966,2.04,1.00,1.50
2016.01.26 09:11:27.377,2.03964,2.04001,1.00,1.75
2016.01.26 09:11:27.479,2.03961,2.03994,1.00,1.12
2016.01.26 09:11:27.782,2.03959,2.03991,1.00,1.00
2016.01.26 09:11:28.907,2.03959,2.03994,1.00,1.12
2016.01.26 09:11:29.368,2.03961,2.03998,1.00,1.75
2016.01.26 09:11:29.671,2.03961,2.03998,1.00,1.00
2016.01.26 09:11:29.822,2.03967,2.04003,1.00,1.75
2016.01.26 09:11:29.873,2.03968,2.04004,1.00,1.12
2016.01.26 09:11:29.974,2.03971,2.04006,1.00,1.75
2016.01.26 09:11:30.333,2.03967,2.04002,1.00,1.00
2016.01.26 09:11:30.434,2.03965,2.04,1.00,1.50
2016.01.26 09:11:30.738,2.03963,2.03998,1.00,1.00
2016.01.26 09:11:31.047,2.03961,2.03995,1.00,1.50
2016.01.26 09:11:32.000,2.03961,2.03997,1.50,1.00
2016.01.26 09:11:32.151,2.03958,2.03995,1.50,1.00
2016.01.26 09:11:32.475,2.03954,2.03988,1.00,1.87
2016.01.26 09:11:32.980,2.03955,2.03992,1.00,1.12
2016.01.26 09:11:34.210,2.03955,2.03993,1.37,1.50
2016.01.26 09:11:34.425,2.03955,2.03993,1.00,1.50
2016.01.26 09:11:34.577,2.03953,2.0399,1.50,1.00
2016.01.26 09:11:35.283,2.03956,2.03992,1.00,1.12
2016.01.26 09:11:35.821,2.03956,2.03991,1.00,1.00
2016.01.26 09:11:35.872,2.03953,2.03991,1.50,1.50
2016.01.26 09:11:35.923,2.03953,2.03983,1.00,1.00
2016.01.26 09:11:36.074,2.03951,2.03983,1.00,1.00
2016.01.26 09:11:36.125,2.03948,2.03983,1.00,1.00
2016.01.26 09:11:36.226,2.03946,2.03982,1.00,1.50
2016.01.26 09:11:36.378,2.03946,2.0398,1.00,1.00
2016.01.26 09:11:36.886,2.0394,2.03972,1.75,1.00
2016.01.26 09:11:37.038,2.0393,2.03963,1.00,1.00
2016.01.26 09:11:37.089,2.03928,2.03963,1.00,1.00
2016.01.26 09:11:37.140,2.03928,2.03957,1.00,1.00
2016.01.26 09:11:37.442,2.03924,2.03957,1.00,1.00
2016.01.26 09:11:37.544,2.03928,2.03957,1.00,1.00
2016.01.26 09:11:37.595,2.03928,2.03962,1.00,1.50
2016.01.26 09:11:37.778,2.03931,2.03964,1.00,1.12
2016.01.26 09:11:38.083,2.03925,2.03955,1.00,1.00
2016.01.26 09:11:38.134,2.03925,2.03958,1.00,1.00
2016.01.26 09:11:38.339,2.03922,2.03958,1.50,1.00
2016.01.26 09:11:38.795,2.03925,2.0396,1.00,1.50
2016.01.26 09:11:38.947,2.03923,2.03959,1.87,1.00
2016.01.26 09:11:39.904,2.03923,2.03958,1.12,1.00
2016.01.26 09:11:40.106,2.03921,2.03956,1.00,1.00
2016.01.26 09:11:40.460,2.03918,2.03953,1.00,1.00
2016.01.26 09:11:40.510,2.03916,2.03953,1.00,1.00
2016.01.26 09:11:40.611,2.03913,2.03953,1.00,1.37
2016.01.26 09:11:41.070,2.03915,2.03951,1.00,1.00
2016.01.26 09:11:41.322,2.03913,2.03954,1.00,1.50
2016.01.26 09:11:42.217,2.03913,2.03954,1.75,1.00
2016.01.26 09:11:42.723,2.03915,2.03956,1.75,1.00
2016.01.26 09:11:42.925,2.03919,2.03959,1.12,2.62
2016.01.26 09:11:43.027,2.03922,2.03959,1.00,1.12
2016.01.26 09:11:43.128,2.03918,2.0396,1.12,2.62
2016.01.26 09:11:43.179,2.03916,2.03951,2.25,1.00
2016.01.26 09:11:43.389,2.03919,2.0396,1.37,1.00
2016.01.26 09:11:43.541,2.03921,2.03962,1.50,1.00
2016.01.26 09:11:43.845,2.03925,2.03962,1.00,1.00
2016.01.26 09:11:43.997,2.03926,2.03964,1.00,1.50
2016.01.26 09:11:44.048,2.03926,2.03961,1.37,1.00
2016.01.26 09:11:44.412,2.03912,2.03948,1.75,1.00
2016.01.26 09:11:44.463,2.03912,2.03951,1.75,1.00
2016.01.26 09:11:45.082,2.03912,2.03953,1.75,1.50
2016.01.26 09:11:45.594,2.03919,2.03953,1.00,1.00
2016.01.26 09:11:45.646,2.03919,2.03959,1.00,1.50
2016.01.26 09:11:46.151,2.03924,2.03963,1.37,1.37
2016.01.26 09:11:46.454,2.03929,2.03964,1.75,1.00
2016.01.26 09:11:46.746,2.03929,2.03967,1.75,1.00
2016.01.26 09:11:46.848,2.03929,2.03963,1.75,1.00
2016.01.26 09:11:48.786,2.03928,2.03957,1.75,1.00
2016.01.26 09:11:49.341,2.03922,2.03957,1.75,1.00
2016.01.26 09:11:49.543,2.03919,2.03957,1.75,1.37
2016.01.26 09:11:49.846,2.03918,2.03952,1.75,1.00
2016.01.26 09:11:50.311,2.03913,2.03944,1.12,1.00
2016.01.26 09:11:50.463,2.0392,2.03958,1.37,1.37
2016.01.26 09:11:50.565,2.03924,2.0396,1.00,1.00
2016.01.26 09:11:50.918,2.03923,2.03958,1.00,1.00
2016.01.26 09:11:51.019,2.03923,2.0396,1.00,1.50
2016.01.26 09:11:51.386,2.03929,2.03967,1.37,1.37
2016.01.26 09:11:51.437,2.03929,2.03967,1.75,1.00
2016.01.26 09:11:51.488,2.03938,2.03967,1.37,1.00
2016.01.26 09:11:51.539,2.03938,2.0397,1.75,1.00
2016.01.26 09:11:51.691,2.03934,2.03968,1.75,1.00
2016.01.26 09:11:51.742,2.03934,2.03968,1.75,1.00
2016.01.26 09:11:52.096,2.03933,2.03965,1.37,1.12
2016.01.26 09:11:52.147,2.03929,2.03965,1.00,1.37
2016.01.26 09:11:52.198,2.03926,2.03965,1.37,1.37
2016.01.26 09:11:52.479,2.03924,2.03962,1.75,1.00
2016.01.26 09:11:52.784,2.03921,2.03962,2.25,1.00
2016.01.26 09:11:52.885,2.03921,2.03959,1.12,1.00
2016.01.26 09:11:52.986,2.03921,2.03962,1.87,1.00
2016.01.26 09:11:53.339,2.0392,2.03955,1.50,1.00
2016.01.26 09:11:53.646,2.03914,2.0395,2.25,1.00
2016.01.26 09:11:54.000,2.03908,2.03945,2.62,1.00
2016.01.26 09:11:54.202,2.03911,2.03949,1.75,1.00
2016.01.26 09:11:54.303,2.03912,2.03953,1.75,1.00
2016.01.26 09:11:54.485,2.03916,2.03955,1.37,1.37
2016.01.26 09:11:54.538,2.03916,2.03955,1.75,1.00
2016.01.26 09:11:54.639,2.03917,2.03957,1.75,1.00
2016.01.26 09:11:54.993,2.03919,2.03951,1.75,1.00
2016.01.26 09:11:55.346,2.03916,2.03951,1.00,1.12
2016.01.26 09:11:55.802,2.03922,2.03955,1.37,1.00
2016.01.26 09:11:55.953,2.03934,2.03968,1.00,1.00
2016.01.26 09:11:56.206,2.03934,2.03971,1.00,1.00
2016.01.26 09:11:56.257,2.03934,2.03973,1.00,1.00
2016.01.26 09:11:56.443,2.03934,2.0397,1.00,1.00
2016.01.26 09:11:56.747,2.03934,2.03967,1.00,1.00
2016.01.26 09:11:57.303,2.03934,2.03962,1.00,1.00
2016.01.26 09:11:57.586,2.03932,2.03962,1.00,1.00
2016.01.26 09:11:57.889,2.03928,2.03962,1.50,1.00
2016.01.26 09:11:58.142,2.03931,2.03965,1.00,1.00
2016.01.26 09:11:58.193,2.03935,2.03965,1.37,1.00
2016.01.26 09:11:58.294,2.03935,2.03968,1.75,1.50
2016.01.26 09:11:58.731,2.03935,2.03972,2.25,1.50
2016.01.26 09:11:58.782,2.03939,2.03972,1.00,1.50
2016.01.26 09:11:59.034,2.03939,2.03974,1.00,1.00
2016.01.26 09:12:00.447,2.03939,2.03973,1.00,1.00
2016.01.26 09:12:00.901,2.03938,2.03969,1.00,1.00
2016.01.26 09:12:02.336,2.03938,2.0397,1.00,1.00
2016.01.26 09:12:03.207,2.0394,2.0397,1.00,1.00
2016.01.26 09:12:03.308,2.0394,2.03975,1.00,1.00
2016.01.26 09:12:03.856,2.0394,2.03974,1.00,1.00
2016.01.26 09:12:05.291,2.03938,2.03974,1.50,1.50
2016.01.26 09:12:11.400,2.03938,2.03971,1.00,1.00
2016.01.26 09:12:14.259,2.03936,2.03971,1.50,1.00
2016.01.26 09:12:14.820,2.03938,2.03974,1.00,1.00
2016.01.26 09:12:16.025,2.03936,2.03971,1.50,1.00
2016.01.26 09:12:16.733,2.03936,2.0397,1.50,1.00
2016.01.26 09:12:17.262,2.03936,2.03971,1.50,1.00
2016.01.26 09:12:18.734,2.03936,2.03969,1.50,1.00
2016.01.26 09:12:19.038,2.03933,2.0396,1.50,1.00
2016.01.26 09:12:20.906,2.03935,2.03968,1.00,1.00
2016.01.26 09:12:20.957,2.03935,2.03973,1.50,1.12
2016.01.26 09:12:21.058,2.03933,2.03969,1.50,1.00
2016.01.26 09:12:21.362,2.03933,2.03957,1.00,1.00
2016.01.26 09:12:21.463,2.03927,2.03957,1.75,1.00
2016.01.26 09:12:21.616,2.03927,2.03961,1.75,1.12
2016.01.26 09:12:21.718,2.03927,2.03957,1.75,1.00
2016.01.26 09:12:22.381,2.03927,2.03963,1.75,1.00
2016.01.26 09:12:22.583,2.03927,2.03961,1.75,1.00
2016.01.26 09:12:24.665,2.03928,2.0396,1.75,1.00
2016.01.26 09:12:25.166,2.03926,2.0396,1.50,1.37
2016.01.26 09:12:25.217,2.03926,2.03955,1.00,1.37
2016.01.26 09:12:25.268,2.03924,2.03955,1.37,1.00
2016.01.26 09:12:25.319,2.03924,2.03953,1.00,1.00
2016.01.26 09:12:25.622,2.03924,2.03951,1.00,1.00
2016.01.26 09:12:25.822,2.03924,2.03955,1.00,1.00
2016.01.26 09:12:25.873,2.0392,2.03955,1.12,1.50
2016.01.26 09:12:26.025,2.03921,2.03959,1.00,1.37
2016.01.26 09:12:26.127,2.03924,2.03961,1.00,1.50
2016.01.26 09:12:26.431,2.03924,2.03959,1.00,1.00
2016.01.26 09:12:26.533,2.03926,2.03963,1.00,1.12
2016.01.26 09:12:26.958,2.03931,2.03963,1.00,1.00
2016.01.26 09:12:27.009,2.03931,2.03965,1.00,1.00
2016.01.26 09:12:27.566,2.03931,2.03964,1.00,1.00
2016.01.26 09:12:27.667,2.03929,2.03963,1.00,1.37
2016.01.26 09:12:27.718,2.03926,2.03961,1.37,1.37
2016.01.26 09:12:27.769,2.03926,2.03955,1.00,1.00
2016.01.26 09:12:28.014,2.03914,2.03947,1.00,1.00
2016.01.26 09:12:28.166,2.03912,2.03947,1.00,1.50
2016.01.26 09:12:28.217,2.03912,2.03941,1.00,1.00
2016.01.26 09:12:28.756,2.03911,2.03941,1.00,1.00
2016.01.26 09:12:29.311,2.03911,2.03945,1.00,1.00
2016.01.26 09:12:31.475,2.03911,2.03944,1.00,1.00
2016.01.26 09:12:33.382,2.03908,2.03936,1.00,1.00
2016.01.26 09:12:33.635,2.03906,2.03936,1.12,1.00
2016.01.26 09:12:35.540,2.03905,2.03939,1.37,1.00
2016.01.26 09:12:36.193,2.03905,2.03939,1.00,1.00
2016.01.26 09:12:38.277,2.03903,2.03939,1.00,1.00
2016.01.26 09:12:38.328,2.03903,2.03936,1.00,1.00
2016.01.26 09:12:40.711,2.03903,2.03938,1.00,1.00
2016.01.26 09:12:41.697,2.03903,2.03937,1.00,1.00
2016.01.26 09:12:42.255,2.03903,2.03936,1.00,1.00
2016.01.26 09:12:42.356,2.03903,2.03938,1.00,1.00
2016.01.26 09:12:42.458,2.03903,2.0394,1.00,1.00
2016.01.26 09:12:42.612,2.03903,2.03938,1.00,1.00
2016.01.26 09:12:43.670,2.03908,2.0394,1.00,1.00
2016.01.26 09:12:43.822,2.03914,2.0395,1.00,1.12
2016.01.26 09:12:43.873,2.03916,2.03953,1.00,2.25
2016.01.26 09:12:43.924,2.03916,2.03953,1.00,1.37
2016.01.26 09:12:44.126,2.03918,2.03956,1.00,1.50
2016.01.26 09:12:49.660,2.03922,2.03957,1.00,1.50
2016.01.26 09:12:51.819,2.03924,2.0396,1.00,1.00
2016.01.26 09:12:55.331,2.03922,2.03958,1.12,1.50
2016.01.26 09:12:55.780,2.03925,2.0396,1.00,1.00
2016.01.26 09:12:55.982,2.03932,2.03968,1.00,1.50
2016.01.26 09:12:56.083,2.03934,2.03968,1.00,1.00
2016.01.26 09:12:56.593,2.03933,2.03968,1.00,1.00
2016.01.26 09:12:57.097,2.03931,2.03966,1.12,1.00
2016.01.26 09:12:57.400,2.0393,2.03959,1.50,1.00
2016.01.26 09:12:57.685,2.03922,2.03954,1.75,1.00
2016.01.26 09:12:57.842,2.03922,2.03956,1.75,1.00
2016.01.26 09:12:59.272,2.03929,2.03957,1.00,1.00
2016.01.26 09:12:59.323,2.03931,2.03963,1.00,1.50
2016.01.26 09:12:59.374,2.03933,2.03965,1.00,1.00
2016.01.26 09:12:59.525,2.03935,2.03968,1.00,1.00
2016.01.26 09:12:59.915,2.03943,2.03974,1.00,1.00
2016.01.26 09:12:59.966,2.03944,2.03981,1.00,1.00
2016.01.26 09:13:00.320,2.03946,2.03983,1.00,1.00
2016.01.26 09:13:00.623,2.03949,2.03986,1.50,1.00
2016.01.26 09:13:01.052,2.03951,2.03986,1.00,1.00
2016.01.26 09:13:01.153,2.03949,2.03986,1.00,1.50
2016.01.26 09:13:01.204,2.03953,2.03986,1.00,1.00
2016.01.26 09:13:01.306,2.03958,2.03992,1.00,1.00
2016.01.26 09:13:01.458,2.03961,2.03996,1.00,1.12
2016.01.26 09:13:01.854,2.03958,2.03998,1.00,1.75
2016.01.26 09:13:01.956,2.03956,2.03995,1.00,1.00
2016.01.26 09:13:02.057,2.03958,2.03998,1.00,2.25
2016.01.26 09:13:02.108,2.03958,2.03998,1.50,1.50
2016.01.26 09:13:02.412,2.03958,2.04,1.50,1.12
2016.01.26 09:13:02.462,2.03958,2.03998,1.50,1.00
2016.01.26 09:13:03.028,2.03956,2.03997,1.75,1.00
2016.01.26 09:13:03.331,2.03956,2.03997,1.75,1.00
2016.01.26 09:13:04.451,2.03963,2.04002,1.37,1.50
2016.01.26 09:13:04.602,2.03964,2.04005,1.50,1.12
2016.01.26 09:13:04.804,2.0397,2.04005,1.00,1.12
2016.01.26 09:13:04.906,2.03964,2.04003,1.12,1.00
2016.01.26 09:13:05.939,2.03963,2.03993,2.62,1.00
2016.01.26 09:13:06.040,2.03963,2.04003,1.87,1.00
2016.01.26 09:13:06.141,2.03967,2.04003,1.00,1.00
2016.01.26 09:13:06.445,2.03969,2.04007,1.00,1.50
2016.01.26 09:13:07.869,2.03969,2.04007,1.00,1.00
2016.01.26 09:13:07.921,2.03971,2.04011,1.37,1.00
2016.01.26 09:13:08.022,2.03973,2.04011,1.12,1.00
2016.01.26 09:13:08.204,2.03977,2.04011,1.00,1.00
2016.01.26 09:13:10.445,2.03976,2.04013,1.00,1.00
2016.01.26 09:13:12.121,2.03976,2.04013,1.00,1.75
2016.01.26 09:13:12.172,2.0397,2.0401,1.87,1.00
2016.01.26 09:13:12.223,2.0397,2.04009,1.00,1.75
2016.01.26 09:13:12.324,2.03967,2.04006,1.00,1.00
2016.01.26 09:13:12.426,2.03973,2.04006,1.00,1.00
2016.01.26 09:13:12.578,2.0398,2.04014,1.00,1.12
2016.01.26 09:13:12.825,2.03971,2.0401,1.50,1.00
2016.01.26 09:13:12.977,2.03976,2.04013,1.00,1.12
2016.01.26 09:13:13.179,2.03971,2.04012,1.50,1.12
2016.01.26 09:13:13.280,2.03968,2.04007,1.75,1.00
2016.01.26 09:13:13.584,2.03967,2.04004,1.75,1.00
2016.01.26 09:13:15.065,2.03969,2.04009,1.75,1.00
2016.01.26 09:13:15.217,2.03972,2.04012,1.37,1.50
2016.01.26 09:13:16.434,2.03972,2.04012,1.75,1.50
2016.01.26 09:13:16.677,2.03978,2.04014,1.00,3.00
2016.01.26 09:13:17.141,2.03973,2.04013,1.00,1.75
2016.01.26 09:13:17.343,2.03975,2.04011,1.00,1.50
2016.01.26 09:13:17.698,2.03967,2.04003,1.50,1.00
2016.01.26 09:13:17.799,2.03974,2.0401,1.00,1.37
2016.01.26 09:13:18.128,2.03974,2.04008,1.00,1.75
2016.01.26 09:13:18.482,2.03972,2.04006,1.00,2.25
2016.01.26 09:13:18.533,2.03972,2.04003,1.00,1.37
2016.01.26 09:13:18.584,2.03967,2.04,1.00,1.75
2016.01.26 09:13:18.685,2.03963,2.04,1.00,1.75
2016.01.26 09:13:19.222,2.03945,2.03965,1.87,1.00
2016.01.26 09:13:19.273,2.03935,2.03962,1.00,1.00
2016.01.26 09:13:19.324,2.03935,2.0395,1.00,1.00
2016.01.26 09:13:19.375,2.0392,2.0395,1.00,1.00
2016.01.26 09:13:19.476,2.03915,2.03949,1.50,1.00
2016.01.26 09:13:19.578,2.03909,2.03949,1.50,1.37
2016.01.26 09:13:19.679,2.03899,2.03935,1.00,1.00
2016.01.26 09:13:19.780,2.03897,2.03937,1.00,1.00
2016.01.26 09:13:20.122,2.03908,2.03938,1.37,1.00
2016.01.26 09:13:20.173,2.03912,2.03952,1.75,1.00
2016.01.26 09:13:20.586,2.03913,2.03947,1.50,1.00
2016.01.26 09:13:20.895,2.03911,2.03943,1.00,1.00
2016.01.26 09:13:21.151,2.03897,2.0393,1.00,1.00
2016.01.26 09:13:21.312,2.03895,2.0393,1.00,1.00
2016.01.26 09:13:21.362,2.03903,2.03931,1.00,1.00
2016.01.26 09:13:21.464,2.03903,2.03935,1.00,1.00
2016.01.26 09:13:21.565,2.03906,2.03931,1.00,1.00
2016.01.26 09:13:21.767,2.03906,2.03933,1.00,1.00
2016.01.26 09:13:21.919,2.03906,2.03937,1.00,1.00
2016.01.26 09:13:21.971,2.03913,2.03941,1.00,1.00
2016.01.26 09:13:22.022,2.03913,2.03943,1.00,1.00
2016.01.26 09:13:22.229,2.03913,2.03945,1.00,1.50
2016.01.26 09:13:22.285,2.03916,2.03945,1.00,1.50
2016.01.26 09:13:22.539,2.03929,2.03959,1.00,1.00
2016.01.26 09:13:22.590,2.03929,2.03956,1.00,1.00
2016.01.26 09:13:22.691,2.03932,2.03962,1.00,1.00
2016.01.26 09:13:23.328,2.03929,2.03962,1.00,1.00
2016.01.26 09:13:23.480,2.03926,2.03962,1.00,1.00
2016.01.26 09:13:23.683,2.03924,2.03962,1.50,1.00
