2014.08.12 01:00:02.545,1.81325,1.81345,1.00,1.00
2014.08.12 01:00:05.294,1.81328,1.81347,1.00,1.00
2014.08.12 01:00:05.828,1.81325,1.81345,1.00,1.00
2014.08.12 01:00:06.181,1.81327,1.81348,1.00,1.50
2014.08.12 01:00:06.293,1.81325,1.81346,1.50,1.00
2014.08.12 01:00:08.486,1.81329,1.81348,1.00,1.00
2014.08.12 01:00:09.920,1.81326,1.81344,1.00,1.00
2014.08.12 01:00:10.123,1.81327,1.81348,1.00,1.50
2014.08.12 01:00:40.929,1.81327,1.81343,1.00,1.00
2014.08.12 01:00:46.300,1.81327,1.81344,1.00,1.00
2014.08.12 01:00:50.082,1.81327,1.81348,1.00,1.50
2014.08.12 01:00:50.956,1.81327,1.81343,1.00,1.00
2014.08.12 01:00:51.462,1.81327,1.81348,1.00,1.00
2014.08.12 01:01:10.132,1.81322,1.81348,1.00,1.00
2014.08.12 01:01:11.062,1.81318,1.81344,1.53,1.00
2014.08.12 01:01:11.579,1.81321,1.81344,1.13,1.00
2014.08.12 01:01:11.630,1.81322,1.81348,1.00,1.00
2014.08.12 01:01:15.550,1.81322,1.81348,1.48,1.00
2014.08.12 01:01:15.651,1.8133,1.81348,1.00,1.00
2014.08.12 01:01:15.953,1.81336,1.81351,1.00,1.00
2014.08.12 01:01:16.004,1.81336,1.81354,1.13,1.00
2014.08.12 01:01:16.105,1.81338,1.81357,1.00,1.00
2014.08.12 01:01:16.357,1.81334,1.81355,1.00,1.00
2014.08.12 01:01:16.457,1.81336,1.81355,1.00,1.00
2014.08.12 01:01:16.760,1.81332,1.81351,1.00,1.00
2014.08.12 01:01:19.846,1.81329,1.81348,1.00,1.00
2014.08.12 01:01:21.716,1.81326,1.81345,1.00,1.00
2014.08.12 01:01:24.281,1.81323,1.81344,1.00,1.00
2014.08.12 01:01:24.483,1.81321,1.8134,1.00,1.00
2014.08.12 01:01:25.181,1.81328,1.8134,1.00,1.00
2014.08.12 01:01:25.332,1.8133,1.81344,1.00,1.00
2014.08.12 01:01:25.383,1.81332,1.81349,1.00,1.50
2014.08.12 01:01:25.585,1.81337,1.81349,1.00,1.00
2014.08.12 01:01:27.152,1.81337,1.81343,1.00,1.00
2014.08.12 01:01:29.102,1.81337,1.81349,1.00,1.00
2014.08.12 01:01:29.202,1.81335,1.81349,1.00,1.00
2014.08.12 01:01:29.742,1.81335,1.81348,1.00,1.00
2014.08.12 01:01:30.351,1.81335,1.81353,1.00,1.00
2014.08.12 01:01:32.874,1.81335,1.81354,1.00,1.50
2014.08.12 01:01:33.474,1.81331,1.8135,1.00,1.00
2014.08.12 01:01:33.776,1.81333,1.81349,1.00,1.00
2014.08.12 01:01:34.078,1.81333,1.81352,1.00,1.00
2014.08.12 01:01:34.179,1.81333,1.81349,1.00,1.00
2014.08.12 01:01:35.181,1.81333,1.81348,1.00,1.00
2014.08.12 01:01:35.384,1.81329,1.81348,1.00,1.00
2014.08.12 01:01:35.485,1.81326,1.81347,1.00,1.50
2014.08.12 01:01:35.666,1.81329,1.81348,1.00,1.00
2014.08.12 01:01:35.975,1.81334,1.81353,1.00,1.50
2014.08.12 01:01:36.401,1.81334,1.81348,1.00,1.00
2014.08.12 01:01:37.592,1.81334,1.81353,1.00,1.00
2014.08.12 01:01:38.169,1.81334,1.81349,1.00,1.00
2014.08.12 01:01:38.807,1.81334,1.81353,1.00,1.50
2014.08.12 01:01:38.908,1.81334,1.81348,1.00,1.00
2014.08.12 01:01:39.113,1.81334,1.81353,1.00,1.00
2014.08.12 01:01:39.347,1.81334,1.81348,1.00,1.00
2014.08.12 01:01:39.970,1.81331,1.81348,1.00,1.00
2014.08.12 01:01:42.855,1.81331,1.81349,1.00,1.00
2014.08.12 01:01:43.878,1.81331,1.81348,1.00,1.00
2014.08.12 01:01:44.081,1.81331,1.81352,1.00,1.00
2014.08.12 01:01:45.405,1.81331,1.81349,1.00,1.00
2014.08.12 01:01:45.607,1.81331,1.81352,1.15,1.00
2014.08.12 01:01:47.378,1.81334,1.81353,1.00,1.50
2014.08.12 01:01:49.818,1.81334,1.81349,1.00,1.00
2014.08.12 01:01:50.356,1.81334,1.81353,1.00,1.00
2014.08.12 01:01:50.457,1.8133,1.81349,1.00,1.00
2014.08.12 01:01:51.151,1.8133,1.81344,1.00,1.00
2014.08.12 01:01:55.096,1.8133,1.81343,1.00,1.00
2014.08.12 01:01:55.805,1.81326,1.81343,1.00,1.00
2014.08.12 01:01:56.009,1.81327,1.81343,1.28,1.00
2014.08.12 01:01:56.211,1.81332,1.81349,1.00,1.00
2014.08.12 01:01:56.262,1.81338,1.81357,1.00,1.00
2014.08.12 01:01:56.414,1.81338,1.81354,1.00,1.00
2014.08.12 01:01:57.408,1.81338,1.81353,1.00,1.00
2014.08.12 01:01:57.726,1.8134,1.81353,1.00,1.00
2014.08.12 01:01:57.827,1.8134,1.81359,1.00,1.50
2014.08.12 01:01:57.928,1.81338,1.81357,1.00,1.00
2014.08.12 01:01:58.241,1.81338,1.81354,1.00,1.00
2014.08.12 01:01:58.952,1.81338,1.81357,1.00,1.00
2014.08.12 01:01:59.151,1.81338,1.81354,1.00,1.00
2014.08.12 01:01:59.403,1.81331,1.81349,1.00,1.00
2014.08.12 01:01:59.709,1.81329,1.81348,1.00,1.00
2014.08.12 01:01:59.910,1.81329,1.81343,1.00,1.00
2014.08.12 01:02:00.162,1.81329,1.81348,1.00,1.00
2014.08.12 01:02:00.263,1.81329,1.81343,1.00,1.00
2014.08.12 01:02:00.314,1.81326,1.81343,1.00,1.00
2014.08.12 01:02:00.365,1.81326,1.81347,1.00,1.00
2014.08.12 01:02:01.573,1.81326,1.81344,1.00,1.00
2014.08.12 01:02:01.892,1.81326,1.81347,1.00,1.00
2014.08.12 01:02:02.094,1.81324,1.81343,1.00,1.00
2014.08.12 01:02:02.461,1.8132,1.81339,1.00,1.00
2014.08.12 01:02:02.662,1.81317,1.81338,1.00,1.50
2014.08.12 01:02:02.763,1.81313,1.81334,1.00,1.00
2014.08.12 01:02:07.035,1.81316,1.81337,1.00,1.00
2014.08.12 01:02:07.571,1.81319,1.81338,1.00,1.00
2014.08.12 01:02:09.032,1.81322,1.81341,1.00,1.00
2014.08.12 01:02:09.133,1.81323,1.81344,1.00,1.58
2014.08.12 01:02:09.234,1.81319,1.81338,1.00,1.00
2014.08.12 01:02:12.768,1.81321,1.81342,1.00,1.00
2014.08.12 01:02:18.033,1.81324,1.81343,1.00,1.00
2014.08.12 01:02:18.503,1.81327,1.81346,1.00,1.00
2014.08.12 01:02:19.143,1.81324,1.81343,1.00,1.00
2014.08.12 01:02:22.763,1.81327,1.81346,1.00,1.00
2014.08.12 01:02:25.611,1.81329,1.81348,1.00,1.00
2014.08.12 01:02:26.417,1.81327,1.81346,1.00,1.00
2014.08.12 01:02:26.468,1.81325,1.81346,1.50,1.00
2014.08.12 01:02:26.669,1.81328,1.81346,1.00,1.00
2014.08.12 01:02:26.720,1.81328,1.81349,1.50,1.00
2014.08.12 01:02:26.771,1.8133,1.81349,1.00,1.00
2014.08.12 01:02:26.972,1.81334,1.81355,1.00,1.00
2014.08.12 01:02:27.174,1.81332,1.81351,1.00,1.00
2014.08.12 01:02:27.477,1.81328,1.81347,1.10,1.00
2014.08.12 01:02:27.628,1.81329,1.8135,1.00,1.00
2014.08.12 01:02:27.870,1.81329,1.8135,1.08,1.00
2014.08.12 01:02:28.173,1.81332,1.81353,1.10,1.50
2014.08.12 01:02:28.273,1.81334,1.81353,1.00,1.00
2014.08.12 01:02:29.055,1.81334,1.81355,1.00,1.00
2014.08.12 01:02:29.480,1.81338,1.81357,1.00,1.00
2014.08.12 01:02:30.463,1.81341,1.81359,1.00,1.00
2014.08.12 01:02:30.564,1.81338,1.81357,1.00,1.00
2014.08.12 01:02:30.822,1.81341,1.81359,1.00,1.00
2014.08.12 01:02:31.024,1.81338,1.81359,1.00,1.00
2014.08.12 01:02:31.846,1.81338,1.81358,1.00,1.00
2014.08.12 01:02:31.897,1.81342,1.81358,1.00,1.00
2014.08.12 01:02:32.149,1.81342,1.81364,1.00,1.50
2014.08.12 01:02:32.873,1.81345,1.81364,1.00,1.50
2014.08.12 01:02:33.125,1.81346,1.81368,1.00,1.00
2014.08.12 01:02:33.226,1.81348,1.81368,1.00,1.00
2014.08.12 01:02:33.528,1.81353,1.81373,1.00,1.00
2014.08.12 01:02:33.830,1.8135,1.81368,1.50,1.00
2014.08.12 01:02:35.074,1.81347,1.81368,1.00,1.00
2014.08.12 01:02:35.125,1.81347,1.81364,1.00,1.00
2014.08.12 01:02:35.427,1.81345,1.81364,1.00,1.00
2014.08.12 01:02:37.899,1.81345,1.81367,1.00,1.00
2014.08.12 01:02:42.600,1.81342,1.81364,1.00,1.00
2014.08.12 01:02:58.747,1.81343,1.81367,1.00,1.13
2014.08.12 01:02:59.207,1.8134,1.81362,1.50,1.00
2014.08.12 01:03:02.284,1.81341,1.81362,1.00,1.00
2014.08.12 01:03:03.614,1.8134,1.81362,1.50,1.00
2014.08.12 01:03:04.231,1.81341,1.81362,1.00,1.00
2014.08.12 01:03:04.843,1.8134,1.81362,1.50,1.00
2014.08.12 01:03:08.180,1.81342,1.81363,1.00,1.00
2014.08.12 01:03:11.826,1.8134,1.8136,1.00,1.00
2014.08.12 01:03:11.927,1.81341,1.81363,1.00,1.50
2014.08.12 01:03:12.436,1.81341,1.81362,1.00,1.00
2014.08.12 01:03:14.382,1.81348,1.81367,1.00,1.15
2014.08.12 01:03:14.483,1.81348,1.81367,1.00,1.00
2014.08.12 01:03:14.634,1.81348,1.81359,1.00,1.00
2014.08.12 01:03:14.785,1.81344,1.81359,1.00,1.00
2014.08.12 01:03:14.836,1.81344,1.81363,1.00,1.00
2014.08.12 01:03:15.355,1.81344,1.81363,1.00,1.18
2014.08.12 01:03:15.458,1.81339,1.81358,1.00,1.00
2014.08.12 01:03:15.663,1.81342,1.81363,1.00,1.00
2014.08.12 01:03:15.921,1.81344,1.81363,1.00,1.00
2014.08.12 01:03:16.130,1.81344,1.81365,1.00,1.00
2014.08.12 01:03:16.610,1.81347,1.81365,1.00,1.00
2014.08.12 01:03:16.661,1.81348,1.81367,1.00,1.00
2014.08.12 01:03:16.913,1.81348,1.81365,1.00,1.00
2014.08.12 01:03:17.014,1.81349,1.81368,1.00,1.00
2014.08.12 01:03:17.366,1.81349,1.81363,1.00,1.00
2014.08.12 01:03:17.467,1.81345,1.81363,1.00,1.00
2014.08.12 01:03:17.568,1.81339,1.81358,1.00,1.00
2014.08.12 01:03:17.669,1.81336,1.81357,1.00,1.00
2014.08.12 01:03:17.770,1.81333,1.81352,1.00,1.00
2014.08.12 01:03:18.542,1.81335,1.81353,1.00,1.00
2014.08.12 01:03:19.082,1.81332,1.81353,1.00,1.00
2014.08.12 01:03:21.464,1.81332,1.81353,1.18,1.00
2014.08.12 01:03:21.515,1.81336,1.81354,1.00,1.00
2014.08.12 01:03:21.717,1.81339,1.81358,1.00,1.00
2014.08.12 01:03:21.868,1.81341,1.81359,1.00,1.00
2014.08.12 01:03:23.059,1.81341,1.81358,1.00,1.00
2014.08.12 01:03:30.321,1.81341,1.81359,1.00,1.00
2014.08.12 01:03:30.640,1.81346,1.81359,1.10,1.00
2014.08.12 01:03:30.691,1.81346,1.81365,1.10,1.00
2014.08.12 01:03:30.792,1.8135,1.81371,1.00,1.00
2014.08.12 01:03:30.842,1.81348,1.81369,1.00,1.00
2014.08.12 01:03:31.161,1.81352,1.81369,1.00,1.00
2014.08.12 01:03:31.614,1.8135,1.81369,1.00,1.50
2014.08.12 01:03:32.164,1.8135,1.81368,1.00,1.00
2014.08.12 01:03:34.083,1.8135,1.81368,1.00,1.08
2014.08.12 01:03:34.184,1.81343,1.81363,1.00,1.00
2014.08.12 01:03:34.290,1.8134,1.81361,1.00,1.00
2014.08.12 01:03:34.391,1.81344,1.81364,1.00,1.00
2014.08.12 01:03:34.703,1.81342,1.81361,1.00,1.00
2014.08.12 01:03:35.056,1.81345,1.81364,1.00,1.00
2014.08.12 01:03:37.264,1.81348,1.81364,1.00,1.00
2014.08.12 01:03:37.567,1.81353,1.81364,1.00,1.00
2014.08.12 01:03:37.618,1.81353,1.81369,1.00,1.00
2014.08.12 01:03:37.668,1.81357,1.81369,1.00,1.00
2014.08.12 01:03:37.820,1.81354,1.81373,1.20,1.50
2014.08.12 01:03:38.234,1.81356,1.81374,1.00,1.00
2014.08.12 01:03:38.546,1.81356,1.81368,1.00,1.00
2014.08.12 01:03:38.597,1.81356,1.81373,1.00,1.00
2014.08.12 01:03:39.386,1.81356,1.81369,1.00,1.00
2014.08.12 01:03:39.782,1.81356,1.81373,1.00,1.00
2014.08.12 01:03:45.171,1.81356,1.81369,1.00,1.00
2014.08.12 01:03:45.309,1.81356,1.81373,1.00,1.00
2014.08.12 01:03:45.410,1.81356,1.81369,1.00,1.00
2014.08.12 01:03:47.589,1.81356,1.81368,1.00,1.00
2014.08.12 01:03:48.145,1.81356,1.81369,1.00,1.00
2014.08.12 01:03:50.651,1.81353,1.81369,1.00,1.00
2014.08.12 01:03:51.004,1.81355,1.81368,1.00,1.00
2014.08.12 01:03:51.206,1.81352,1.81368,1.10,1.00
2014.08.12 01:03:51.717,1.81352,1.81369,1.10,1.00
2014.08.12 01:03:51.868,1.81347,1.81368,1.55,1.00
2014.08.12 01:03:52.382,1.81347,1.81368,1.38,1.50
2014.08.12 01:04:00.099,1.8135,1.81368,1.00,1.00
2014.08.12 01:04:06.922,1.8135,1.81365,1.00,1.00
2014.08.12 01:04:14.611,1.8135,1.81363,1.00,1.00
2014.08.12 01:04:14.762,1.81347,1.81363,1.00,1.00
2014.08.12 01:04:15.304,1.81348,1.81364,1.00,1.00
2014.08.12 01:04:24.877,1.81348,1.81366,1.00,1.00
2014.08.12 01:04:24.978,1.81351,1.81369,1.00,1.00
2014.08.12 01:04:25.281,1.81354,1.81372,1.00,1.00
2014.08.12 01:04:25.583,1.81357,1.81375,1.00,1.00
2014.08.12 01:04:25.634,1.81357,1.81377,1.00,1.00
2014.08.12 01:04:25.986,1.81362,1.81379,1.00,1.00
2014.08.12 01:04:26.158,1.81362,1.81381,1.00,1.00
2014.08.12 01:04:26.413,1.81363,1.81384,1.00,1.50
2014.08.12 01:04:26.619,1.81362,1.81382,1.00,1.00
2014.08.12 01:04:26.879,1.8136,1.81383,1.00,1.00
2014.08.12 01:04:27.296,1.81363,1.81385,1.00,1.00
2014.08.12 01:04:28.640,1.81363,1.81382,1.00,1.00
2014.08.12 01:04:28.842,1.81357,1.81378,1.00,1.00
2014.08.12 01:04:29.355,1.81356,1.81378,1.50,1.00
2014.08.12 01:04:29.856,1.81357,1.81378,1.00,1.00
2014.08.12 01:04:30.366,1.81356,1.81378,1.00,1.00
2014.08.12 01:04:31.304,1.81357,1.81378,1.00,1.00
2014.08.12 01:04:31.817,1.81356,1.81378,1.50,1.00
2014.08.12 01:04:32.684,1.81358,1.8138,1.00,1.50
2014.08.12 01:04:34.334,1.81358,1.81379,1.00,1.00
2014.08.12 01:04:34.965,1.81358,1.8138,1.00,1.50
2014.08.12 01:04:35.468,1.81358,1.81379,1.00,1.00
2014.08.12 01:04:36.785,1.81362,1.81379,1.00,1.00
2014.08.12 01:04:38.725,1.81362,1.81376,1.00,1.00
2014.08.12 01:04:38.830,1.81362,1.81379,1.00,1.00
2014.08.12 01:04:40.608,1.81357,1.81379,1.00,1.00
2014.08.12 01:04:41.117,1.81356,1.8138,1.50,1.50
2014.08.12 01:04:41.621,1.81356,1.81379,1.50,1.00
2014.08.12 01:04:43.473,1.81356,1.81376,1.00,1.50
2014.08.12 01:04:43.775,1.81357,1.81378,1.50,1.00
2014.08.12 01:04:44.279,1.81357,1.81379,1.00,1.00
2014.08.12 01:04:44.697,1.81359,1.81381,1.00,1.50
2014.08.12 01:04:45.038,1.81361,1.81378,1.00,1.50
2014.08.12 01:04:45.433,1.81361,1.81376,1.00,1.00
2014.08.12 01:04:46.375,1.81357,1.81376,1.50,1.00
2014.08.12 01:04:48.499,1.81356,1.81374,1.00,1.00
2014.08.12 01:04:49.107,1.81357,1.81374,1.00,1.00
2014.08.12 01:04:53.559,1.81357,1.81376,1.50,1.00
2014.08.12 01:04:55.685,1.81355,1.81374,1.00,1.00
2014.08.12 01:04:57.126,1.81356,1.81374,1.00,1.00
2014.08.12 01:04:57.657,1.81361,1.81374,1.00,1.00
2014.08.12 01:04:57.908,1.81357,1.81374,1.00,1.00
2014.08.12 01:05:00.189,1.81355,1.81374,1.00,1.00
2014.08.12 01:05:00.604,1.81357,1.81376,1.00,1.00
2014.08.12 01:05:02.515,1.8136,1.81379,1.00,1.00
2014.08.12 01:05:03.427,1.81362,1.81379,1.00,1.00
2014.08.12 01:05:03.478,1.81362,1.81383,1.50,1.00
2014.08.12 01:05:06.241,1.81366,1.81383,1.00,1.00
2014.08.12 01:05:06.350,1.81362,1.81383,1.50,1.00
2014.08.12 01:05:12.704,1.8136,1.81381,1.00,1.00
2014.08.12 01:05:14.693,1.81356,1.81377,1.50,1.00
2014.08.12 01:05:16.258,1.81359,1.8138,1.00,1.00
2014.08.12 01:05:39.567,1.81359,1.81379,1.00,1.00
2014.08.12 01:05:40.780,1.81359,1.8138,1.00,1.58
2014.08.12 01:05:48.669,1.81356,1.81377,1.00,1.00
2014.08.12 01:05:48.972,1.81355,1.81374,1.00,1.00
2014.08.12 01:05:49.299,1.81358,1.81377,1.00,1.00
2014.08.12 01:06:00.799,1.8136,1.81381,1.00,1.00
2014.08.12 01:06:00.900,1.81363,1.81384,1.00,1.00
2014.08.12 01:06:01.549,1.81366,1.81387,1.00,1.00
2014.08.12 01:06:02.244,1.81369,1.8139,1.00,1.00
2014.08.12 01:06:02.875,1.81368,1.81387,1.00,1.00
2014.08.12 01:06:04.197,1.81368,1.81386,1.00,1.00
2014.08.12 01:06:04.298,1.81365,1.81384,1.00,1.00
2014.08.12 01:06:04.753,1.81359,1.8138,1.00,1.00
2014.08.12 01:06:05.105,1.81357,1.81375,1.00,1.00
2014.08.12 01:06:05.963,1.81359,1.81378,1.00,1.00
2014.08.12 01:06:09.466,1.81355,1.81376,1.00,1.00
2014.08.12 01:06:09.617,1.81358,1.81379,1.00,1.00
2014.08.12 01:06:10.182,1.81358,1.81376,1.00,1.00
2014.08.12 01:06:10.232,1.81355,1.81376,1.00,1.50
2014.08.12 01:06:10.434,1.81355,1.81374,1.00,1.00
2014.08.12 01:06:10.957,1.81354,1.81373,1.00,1.00
2014.08.12 01:06:20.945,1.81348,1.81367,1.00,1.00
2014.08.12 01:06:21.258,1.81351,1.8137,1.00,1.00
2014.08.12 01:06:22.994,1.81352,1.81373,1.00,1.50
2014.08.12 01:06:25.452,1.81349,1.8137,1.00,1.00
2014.08.12 01:06:28.614,1.81352,1.81371,1.00,1.00
2014.08.12 01:06:29.079,1.81348,1.81369,1.00,1.00
2014.08.12 01:06:29.180,1.81351,1.81372,1.00,1.00
2014.08.12 01:06:37.418,1.81349,1.81368,1.00,1.00
2014.08.12 01:06:40.075,1.81345,1.81366,1.00,1.00
2014.08.12 01:06:40.277,1.81347,1.81368,1.00,1.00
2014.08.12 01:06:41.488,1.81343,1.81364,1.00,1.00
2014.08.12 01:06:44.118,1.81346,1.81367,1.00,1.18
2014.08.12 01:06:54.340,1.81346,1.81367,1.00,1.10
2014.08.12 01:06:55.371,1.81349,1.8137,1.00,1.00
2014.08.12 01:06:55.673,1.81352,1.81371,1.00,1.00
2014.08.12 01:07:03.547,1.81352,1.81371,1.00,1.08
2014.08.12 01:07:03.598,1.8135,1.81369,1.00,1.10
2014.08.12 01:07:04.466,1.81344,1.81365,1.00,1.00
2014.08.12 01:07:04.617,1.81347,1.81366,1.00,1.00
2014.08.12 01:07:05.793,1.81344,1.81363,1.00,1.00
2014.08.12 01:07:10.531,1.81347,1.81366,1.00,1.00
2014.08.12 01:07:14.376,1.81342,1.81363,1.00,1.00
2014.08.12 01:07:14.892,1.81342,1.81363,1.00,1.08
2014.08.12 01:07:15.352,1.81339,1.81358,1.00,1.00
2014.08.12 01:07:17.349,1.81339,1.81358,1.00,1.08
2014.08.12 01:07:17.450,1.81337,1.81356,1.00,1.00
2014.08.12 01:07:17.966,1.81338,1.81359,1.00,1.65
2014.08.12 01:07:21.499,1.81338,1.81353,1.00,1.00
2014.08.12 01:07:23.376,1.81338,1.81348,1.00,1.00
2014.08.12 01:07:23.906,1.81338,1.81349,1.00,1.00
2014.08.12 01:07:23.957,1.81335,1.81349,1.00,1.00
2014.08.12 01:07:25.803,1.81332,1.81349,1.00,1.00
2014.08.12 01:07:26.156,1.8133,1.81337,1.00,1.00
2014.08.12 01:07:26.257,1.81322,1.81334,1.00,1.00
2014.08.12 01:07:26.358,1.81317,1.81334,1.00,1.00
2014.08.12 01:07:26.879,1.81317,1.81333,1.00,1.00
2014.08.12 01:07:27.131,1.81313,1.81334,1.00,1.00
2014.08.12 01:07:28.567,1.81313,1.81328,1.00,1.00
2014.08.12 01:07:29.334,1.81313,1.81333,1.00,1.00
2014.08.12 01:07:29.636,1.81313,1.81337,1.00,1.00
2014.08.12 01:07:34.909,1.81313,1.81328,1.00,1.00
2014.08.12 01:07:36.167,1.8131,1.81328,1.00,1.00
2014.08.12 01:07:36.920,1.8131,1.81324,1.00,1.00
2014.08.12 01:07:37.021,1.81308,1.81324,1.00,1.00
2014.08.12 01:07:37.122,1.81308,1.81318,1.00,1.00
2014.08.12 01:07:37.173,1.81303,1.81318,1.00,1.00
2014.08.12 01:07:37.274,1.81299,1.81318,1.38,1.00
2014.08.12 01:07:37.375,1.81299,1.81321,1.00,1.00
2014.08.12 01:07:37.476,1.81296,1.81317,1.50,1.00
2014.08.12 01:07:38.309,1.81298,1.81317,1.13,1.00
2014.08.12 01:07:38.461,1.813,1.81324,1.00,1.00
2014.08.12 01:07:38.562,1.81306,1.81328,1.00,2.40
2014.08.12 01:07:38.763,1.81306,1.81328,1.50,1.10
2014.08.12 01:07:38.915,1.81303,1.81318,1.00,1.00
2014.08.12 01:07:39.016,1.81295,1.81317,1.00,1.00
2014.08.12 01:07:39.117,1.81297,1.81317,1.00,1.00
2014.08.12 01:07:39.306,1.81293,1.81317,1.50,1.00
2014.08.12 01:07:39.899,1.81292,1.81315,1.00,1.00
2014.08.12 01:07:41.840,1.81291,1.81313,1.00,1.00
2014.08.12 01:07:41.991,1.81288,1.81312,1.20,1.00
2014.08.12 01:07:42.192,1.81291,1.81315,1.00,1.05
2014.08.12 01:07:42.897,1.81293,1.81315,1.00,1.00
2014.08.12 01:07:43.200,1.81297,1.81317,1.00,1.00
2014.08.12 01:07:44.383,1.81295,1.81317,1.00,1.00
2014.08.12 01:07:44.836,1.81305,1.81321,1.00,1.00
2014.08.12 01:07:44.937,1.81306,1.81326,1.50,1.00
2014.08.12 01:07:44.988,1.81307,1.8133,1.00,2.03
2014.08.12 01:07:45.089,1.81306,1.81326,1.00,1.00
2014.08.12 01:07:45.391,1.81298,1.8132,1.00,1.00
2014.08.12 01:07:47.176,1.81299,1.81323,1.00,1.00
2014.08.12 01:07:47.763,1.81299,1.81322,1.00,1.00
2014.08.12 01:07:47.916,1.81296,1.8132,1.00,1.00
2014.08.12 01:07:47.966,1.81296,1.8132,1.00,1.15
2014.08.12 01:07:48.269,1.81294,1.81315,1.00,1.00
2014.08.12 01:07:57.152,1.81294,1.81313,1.00,1.00
2014.08.12 01:08:00.892,1.81294,1.81308,1.00,1.00
2014.08.12 01:08:01.044,1.81291,1.81308,1.00,1.00
2014.08.12 01:08:02.733,1.81291,1.81305,1.00,1.00
2014.08.12 01:08:02.783,1.81284,1.81305,1.00,1.00
2014.08.12 01:08:02.834,1.81284,1.81307,1.00,1.20
2014.08.12 01:08:02.885,1.81283,1.81305,1.00,1.00
2014.08.12 01:08:03.195,1.8128,1.81302,1.00,1.00
2014.08.12 01:08:03.253,1.81277,1.81301,1.50,1.00
2014.08.12 01:08:04.338,1.81278,1.813,1.00,1.00
2014.08.12 01:08:04.853,1.81278,1.813,1.00,1.18
2014.08.12 01:08:06.923,1.81279,1.813,1.00,1.18
2014.08.12 01:08:09.440,1.81278,1.81299,1.00,1.10
2014.08.12 01:08:09.491,1.81275,1.81298,1.00,1.00
2014.08.12 01:08:10.019,1.81274,1.81298,1.00,1.00
2014.08.12 01:08:12.178,1.81276,1.81298,1.00,1.50
2014.08.12 01:08:15.645,1.81277,1.81298,1.38,1.00
2014.08.12 01:08:15.746,1.81283,1.81303,1.00,1.00
2014.08.12 01:08:15.796,1.81286,1.81303,1.00,1.00
2014.08.12 01:08:16.099,1.81286,1.81305,1.00,1.00
2014.08.12 01:08:16.200,1.81287,1.81303,1.00,1.00
2014.08.12 01:08:16.251,1.81285,1.81303,1.00,1.00
2014.08.12 01:08:17.686,1.81286,1.81303,1.00,1.00
2014.08.12 01:08:17.787,1.81288,1.81303,1.00,1.00
2014.08.12 01:08:17.838,1.81288,1.81307,1.00,1.00
2014.08.12 01:08:17.939,1.81288,1.81309,1.00,1.50
2014.08.12 01:08:18.306,1.81288,1.81312,1.50,1.00
2014.08.12 01:08:19.870,1.81293,1.81312,1.00,1.00
2014.08.12 01:08:20.458,1.81293,1.81313,1.00,1.00
2014.08.12 01:08:20.785,1.81292,1.81311,1.00,1.00
2014.08.12 01:08:27.040,1.81287,1.81311,1.00,1.00
2014.08.12 01:08:27.141,1.81287,1.81307,1.00,1.00
2014.08.12 01:08:27.648,1.81286,1.81307,1.00,1.00
2014.08.12 01:08:28.186,1.81286,1.81308,1.00,1.00
2014.08.12 01:08:28.539,1.8128,1.81302,1.15,1.00
2014.08.12 01:08:29.726,1.8128,1.81302,1.00,1.00
2014.08.12 01:08:30.235,1.8128,1.81302,1.38,1.00
2014.08.12 01:08:30.286,1.81282,1.81306,1.13,1.00
2014.08.12 01:08:31.672,1.81284,1.81306,1.00,1.00
2014.08.12 01:08:32.287,1.81282,1.81306,1.88,1.00
2014.08.12 01:08:33.054,1.81286,1.81306,1.00,1.00
2014.08.12 01:08:33.887,1.81286,1.81308,1.00,1.15
2014.08.12 01:08:36.186,1.81286,1.81308,1.00,1.00
2014.08.12 01:08:36.237,1.81288,1.81312,1.00,1.20
2014.08.12 01:08:36.338,1.81287,1.81309,1.10,1.00
2014.08.12 01:08:36.648,1.8129,1.81312,1.00,1.00
2014.08.12 01:08:40.913,1.8129,1.8131,1.00,1.00
2014.08.12 01:08:40.963,1.81287,1.81309,1.10,1.00
2014.08.12 01:08:42.272,1.8129,1.81312,1.00,1.00
2014.08.12 01:08:48.833,1.81291,1.81312,1.00,1.00
2014.08.12 01:08:50.673,1.8129,1.81312,1.50,1.00
2014.08.12 01:08:58.874,1.8129,1.81312,1.88,1.00
2014.08.12 01:08:59.177,1.81297,1.81316,1.00,1.15
2014.08.12 01:08:59.587,1.81294,1.81316,1.00,1.15
2014.08.12 01:08:59.689,1.81292,1.81316,1.13,1.15
2014.08.12 01:09:02.651,1.81292,1.81316,1.00,1.00
2014.08.12 01:09:02.908,1.81297,1.81316,1.00,1.00
2014.08.12 01:09:03.110,1.81293,1.81316,1.00,1.00
2014.08.12 01:09:03.625,1.81292,1.81316,1.50,1.00
2014.08.12 01:09:06.397,1.81297,1.81316,1.00,1.00
2014.08.12 01:09:06.759,1.81292,1.81316,1.00,1.00
2014.08.12 01:09:11.975,1.81296,1.81318,1.00,1.28
2014.08.12 01:09:14.332,1.81297,1.81318,1.00,1.28
2014.08.12 01:09:20.023,1.81296,1.81318,1.00,1.28
2014.08.12 01:09:20.360,1.81289,1.81313,1.00,2.40
2014.08.12 01:09:20.461,1.81287,1.81311,2.25,1.10
2014.08.12 01:09:20.612,1.81287,1.81308,1.00,1.00
2014.08.12 01:09:20.923,1.81287,1.81306,1.00,1.00
2014.08.12 01:09:20.973,1.81283,1.81305,1.00,1.00
2014.08.12 01:09:21.899,1.81283,1.81299,1.00,1.00
2014.08.12 01:09:21.999,1.81278,1.81299,1.00,1.50
2014.08.12 01:09:22.100,1.81275,1.81299,1.00,2.25
2014.08.12 01:09:22.201,1.81272,1.81296,1.00,1.00
2014.08.12 01:09:22.504,1.81275,1.81296,1.00,1.00
2014.08.12 01:09:22.769,1.81281,1.81303,1.00,1.50
2014.08.12 01:09:23.429,1.81278,1.81302,1.00,1.00
2014.08.12 01:09:24.292,1.81283,1.81305,1.00,2.33
2014.08.12 01:09:24.595,1.81293,1.81315,1.00,1.10
2014.08.12 01:09:24.925,1.81296,1.81313,1.00,1.00
2014.08.12 01:09:25.134,1.81296,1.81318,1.88,1.00
2014.08.12 01:09:25.185,1.81301,1.81321,1.00,1.08
2014.08.12 01:09:25.235,1.81304,1.81324,1.00,1.00
2014.08.12 01:09:25.286,1.81307,1.81324,1.00,1.00
2014.08.12 01:09:25.538,1.8131,1.81329,1.00,1.00
2014.08.12 01:09:25.696,1.81308,1.81329,1.00,1.00
2014.08.12 01:09:26.231,1.81308,1.81328,1.00,1.00
2014.08.12 01:09:27.100,1.81308,1.8133,1.00,1.00
2014.08.12 01:09:27.151,1.8131,1.81333,1.00,1.00
2014.08.12 01:09:27.684,1.81311,1.81333,1.00,1.00
2014.08.12 01:09:27.885,1.81309,1.81329,1.00,1.00
2014.08.12 01:09:28.840,1.81309,1.81333,1.00,1.00
2014.08.12 01:09:31.375,1.81309,1.81328,1.00,1.00
2014.08.12 01:09:31.830,1.81309,1.81333,1.00,1.50
2014.08.12 01:09:31.931,1.81309,1.81331,1.00,1.00
2014.08.12 01:09:32.601,1.81309,1.81329,1.00,1.00
2014.08.12 01:09:33.626,1.81306,1.81329,1.00,1.00
2014.08.12 01:09:34.544,1.81306,1.81329,1.00,1.18
2014.08.12 01:09:34.645,1.81303,1.81327,1.00,1.00
2014.08.12 01:09:34.695,1.81303,1.81323,1.00,1.00
2014.08.12 01:09:34.847,1.813,1.81323,1.00,1.10
2014.08.12 01:09:35.049,1.81298,1.81322,1.00,1.00
2014.08.12 01:09:35.099,1.81298,1.81319,1.00,1.00
2014.08.12 01:09:35.415,1.81298,1.81313,1.00,1.00
2014.08.12 01:09:35.516,1.81296,1.81313,1.00,1.00
2014.08.12 01:09:35.722,1.81293,1.81313,1.00,1.00
2014.08.12 01:09:35.875,1.81293,1.81315,1.00,1.00
2014.08.12 01:09:36.282,1.8129,1.81312,1.00,1.00
2014.08.12 01:09:36.635,1.81288,1.8131,1.13,1.00
2014.08.12 01:09:39.312,1.81288,1.81309,1.00,1.00
2014.08.12 01:09:39.463,1.81284,1.81308,1.00,1.00
2014.08.12 01:09:39.834,1.81287,1.81307,1.00,1.00
2014.08.12 01:09:40.037,1.81288,1.81312,1.00,1.15
2014.08.12 01:09:40.558,1.81287,1.81308,1.00,1.00
2014.08.12 01:09:41.067,1.81287,1.81309,1.13,1.10
2014.08.12 01:09:45.433,1.81287,1.81307,1.50,1.00
2014.08.12 01:09:45.686,1.81283,1.81306,1.00,1.13
2014.08.12 01:09:45.737,1.81281,1.81305,1.00,1.00
2014.08.12 01:09:45.787,1.81281,1.81297,1.00,1.00
2014.08.12 01:09:45.838,1.81277,1.81297,1.00,1.58
2014.08.12 01:09:46.348,1.81276,1.813,1.50,1.15
2014.08.12 01:09:46.399,1.81281,1.81301,1.00,1.10
2014.08.12 01:09:46.709,1.81283,1.81302,1.00,1.18
2014.08.12 01:09:47.215,1.81282,1.81302,1.00,1.18
2014.08.12 01:09:47.723,1.81281,1.813,1.00,1.00
2014.08.12 01:09:51.608,1.81281,1.81302,1.50,1.18
2014.08.12 01:09:53.614,1.81282,1.81301,1.00,1.10
2014.08.12 01:09:54.150,1.81281,1.81302,1.00,1.18
2014.08.12 01:09:54.507,1.81283,1.81305,1.00,1.58
2014.08.12 01:09:57.310,1.81281,1.81303,1.00,1.15
2014.08.12 01:09:57.821,1.81282,1.81299,1.00,1.00
2014.08.12 01:09:57.973,1.81282,1.81302,1.00,1.18
2014.08.12 01:09:58.492,1.81281,1.81302,1.00,1.18
2014.08.12 01:09:59.001,1.81282,1.81302,1.00,1.18
2014.08.12 01:10:00.063,1.81281,1.81302,1.00,1.18
2014.08.12 01:10:00.265,1.81281,1.81299,1.00,1.00
2014.08.12 01:10:00.366,1.81281,1.81303,1.00,1.65
2014.08.12 01:10:01.007,1.81282,1.81303,1.00,1.65
2014.08.12 01:10:04.278,1.81279,1.81303,1.00,1.65
2014.08.12 01:10:04.842,1.81282,1.81303,1.00,1.15
2014.08.12 01:10:06.336,1.81279,1.81302,1.00,1.18
2014.08.12 01:10:06.850,1.81279,1.81302,1.00,1.10
2014.08.12 01:10:08.342,1.81279,1.81302,1.50,1.00
2014.08.12 01:10:08.644,1.81292,1.81315,1.00,1.00
2014.08.12 01:10:08.897,1.81291,1.81313,1.00,1.00
2014.08.12 01:10:09.228,1.81291,1.81311,1.00,1.00
2014.08.12 01:10:11.167,1.81293,1.81314,1.00,1.00
2014.08.12 01:10:11.268,1.81293,1.81316,1.00,1.00
2014.08.12 01:10:11.369,1.81292,1.81314,1.00,1.00
2014.08.12 01:10:12.491,1.81295,1.81317,1.00,1.50
2014.08.12 01:10:13.013,1.81295,1.81316,1.00,1.00
2014.08.12 01:10:13.521,1.81295,1.81317,1.00,1.00
2014.08.12 01:10:13.866,1.81297,1.81317,1.00,1.00
2014.08.12 01:10:13.967,1.81295,1.81317,1.00,1.00
2014.08.12 01:10:14.068,1.81297,1.81317,1.00,1.00
2014.08.12 01:10:14.169,1.81295,1.81317,1.00,1.00
2014.08.12 01:10:15.184,1.81296,1.81317,1.00,1.00
2014.08.12 01:10:15.459,1.813,1.81318,1.00,1.00
2014.08.12 01:10:15.510,1.813,1.81321,1.00,1.00
2014.08.12 01:10:15.611,1.81298,1.8132,1.00,1.00
2014.08.12 01:10:15.813,1.81301,1.8132,1.00,1.00
2014.08.12 01:10:16.894,1.81298,1.8132,1.00,1.00
2014.08.12 01:10:22.828,1.813,1.8132,1.00,1.00
2014.08.12 01:10:22.981,1.813,1.81323,1.00,1.00
2014.08.12 01:10:23.502,1.813,1.81324,1.00,1.50
2014.08.12 01:10:25.259,1.813,1.81321,1.00,1.00
2014.08.12 01:10:26.467,1.813,1.81324,1.00,1.50
2014.08.12 01:10:26.618,1.813,1.81321,1.00,1.00
2014.08.12 01:10:27.173,1.813,1.8132,1.00,1.00
2014.08.12 01:10:28.837,1.81302,1.8132,1.00,1.00
2014.08.12 01:10:29.393,1.81302,1.81319,1.00,1.00
2014.08.12 01:10:29.697,1.81302,1.81322,1.00,1.00
2014.08.12 01:10:40.987,1.81302,1.81319,1.00,1.00
2014.08.12 01:10:45.639,1.81302,1.8132,1.00,1.00
2014.08.12 01:10:45.891,1.813,1.8132,1.00,1.00
2014.08.12 01:10:46.494,1.813,1.81324,1.00,2.25
2014.08.12 01:10:47.076,1.813,1.81322,1.00,1.00
2014.08.12 01:10:47.278,1.813,1.81324,1.00,2.25
2014.08.12 01:10:47.797,1.813,1.81323,1.00,1.00
2014.08.12 01:10:47.848,1.813,1.81319,1.00,1.00
2014.08.12 01:10:51.126,1.813,1.81318,1.00,1.00
2014.08.12 01:10:53.873,1.813,1.81324,1.00,2.25
2014.08.12 01:10:56.077,1.813,1.81323,1.00,1.00
2014.08.12 01:10:57.813,1.813,1.81319,1.00,1.00
2014.08.12 01:10:59.391,1.81301,1.81322,1.00,1.00
2014.08.12 01:10:59.506,1.81303,1.81322,1.00,1.00
2014.08.12 01:10:59.813,1.81316,1.81329,1.00,1.00
2014.08.12 01:10:59.864,1.81316,1.81339,1.50,1.00
2014.08.12 01:11:00.116,1.81318,1.81342,1.00,1.15
2014.08.12 01:11:01.700,1.81321,1.81342,1.00,1.15
2014.08.12 01:11:02.465,1.81318,1.8134,1.00,1.00
2014.08.12 01:11:04.147,1.8132,1.81342,1.00,1.00
2014.08.12 01:11:05.074,1.81322,1.81342,1.00,1.00
2014.08.12 01:11:05.934,1.81322,1.81339,1.00,1.00
2014.08.12 01:11:12.926,1.81317,1.81339,1.00,1.00
2014.08.12 01:11:13.078,1.81316,1.81337,1.00,1.00
2014.08.12 01:11:13.129,1.81313,1.81337,1.50,1.00
2014.08.12 01:11:13.330,1.81316,1.81337,1.00,1.00
2014.08.12 01:11:13.868,1.81315,1.81337,1.00,1.00
2014.08.12 01:11:16.532,1.81317,1.81337,1.00,1.00
2014.08.12 01:11:16.864,1.81315,1.81337,1.00,1.00
2014.08.12 01:11:19.768,1.81311,1.81334,1.50,1.00
2014.08.12 01:11:20.363,1.81312,1.81334,1.00,1.00
2014.08.12 01:11:20.615,1.8131,1.81334,1.50,1.00
2014.08.12 01:11:20.666,1.8131,1.8133,1.00,1.00
2014.08.12 01:11:20.716,1.81308,1.8133,1.00,1.00
2014.08.12 01:11:20.868,1.8131,1.81332,1.00,1.00
2014.08.12 01:11:22.579,1.8131,1.81328,1.00,1.00
2014.08.12 01:11:22.881,1.81312,1.81328,1.00,1.00
2014.08.12 01:11:23.336,1.81312,1.81332,1.00,1.00
2014.08.12 01:11:23.487,1.81312,1.81334,1.00,2.25
2014.08.12 01:11:24.236,1.81312,1.81332,1.00,1.00
2014.08.12 01:11:24.749,1.81312,1.81333,1.00,1.50
2014.08.12 01:11:29.226,1.81309,1.81331,1.00,1.00
2014.08.12 01:11:29.377,1.8131,1.81333,1.00,1.00
2014.08.12 01:11:30.116,1.81308,1.81332,1.00,1.00
2014.08.12 01:11:30.166,1.81308,1.81329,1.00,1.00
2014.08.12 01:11:30.419,1.81308,1.81332,1.00,1.00
2014.08.12 01:11:30.570,1.81311,1.81333,1.00,1.00
2014.08.12 01:11:31.143,1.81312,1.81334,1.00,1.00
2014.08.12 01:11:31.808,1.81312,1.81336,1.00,1.50
2014.08.12 01:11:32.118,1.81311,1.81334,1.00,1.00
2014.08.12 01:11:32.677,1.81313,1.81335,1.00,1.00
2014.08.12 01:11:32.984,1.81313,1.81333,1.00,1.00
2014.08.12 01:11:33.490,1.81313,1.81334,1.00,1.00
2014.08.12 01:11:50.865,1.81313,1.81333,1.00,1.00
2014.08.12 01:11:51.206,1.81313,1.81328,1.00,1.00
2014.08.12 01:11:52.145,1.81317,1.81328,1.00,1.00
2014.08.12 01:11:52.195,1.81317,1.81334,1.00,1.00
2014.08.12 01:11:52.710,1.81318,1.81333,1.00,1.00
2014.08.12 01:11:52.862,1.81318,1.81339,1.00,1.50
2014.08.12 01:11:53.159,1.81318,1.81333,1.00,1.00
2014.08.12 01:11:53.562,1.81315,1.81334,1.00,2.25
2014.08.12 01:11:53.612,1.81315,1.81328,1.00,1.00
2014.08.12 01:11:53.663,1.81312,1.81328,1.00,1.00
2014.08.12 01:11:53.764,1.8131,1.81328,1.00,1.00
2014.08.12 01:11:54.116,1.81307,1.81328,1.00,1.50
2014.08.12 01:11:54.223,1.81305,1.81324,1.00,1.00
2014.08.12 01:11:54.728,1.81304,1.81323,1.00,1.50
2014.08.12 01:11:57.386,1.81302,1.81321,1.00,1.00
2014.08.12 01:11:57.537,1.81299,1.8132,1.00,1.00
2014.08.12 01:12:00.184,1.81299,1.81321,1.00,1.00
2014.08.12 01:12:04.538,1.81301,1.81323,1.00,1.50
2014.08.12 01:12:07.133,1.81301,1.81319,1.00,1.00
2014.08.12 01:12:07.641,1.81301,1.81318,1.00,1.00
2014.08.12 01:12:08.109,1.81301,1.81323,1.00,1.50
2014.08.12 01:12:08.572,1.81301,1.81318,1.00,1.00
2014.08.12 01:12:09.319,1.81301,1.81323,1.00,1.50
2014.08.12 01:12:11.437,1.81301,1.81319,1.00,1.00
2014.08.12 01:12:11.948,1.81301,1.81318,1.00,1.00
2014.08.12 01:12:12.150,1.81298,1.81318,1.00,1.00
2014.08.12 01:12:12.315,1.81298,1.81322,1.00,1.00
2014.08.12 01:12:12.392,1.81298,1.81318,1.00,1.00
2014.08.12 01:12:12.501,1.81298,1.81322,1.00,1.00
2014.08.12 01:12:12.602,1.81304,1.81324,1.00,1.00
2014.08.12 01:12:12.905,1.81309,1.81323,1.00,1.00
2014.08.12 01:12:12.955,1.81305,1.81323,1.00,1.00
2014.08.12 01:12:13.228,1.81303,1.81323,1.00,1.00
2014.08.12 01:12:14.013,1.81301,1.81322,1.00,1.00
2014.08.12 01:12:20.872,1.81301,1.81319,1.00,1.00
2014.08.12 01:12:21.174,1.81299,1.81313,1.50,1.00
2014.08.12 01:12:21.898,1.81299,1.81314,1.50,1.00
2014.08.12 01:12:22.201,1.81299,1.81318,1.50,1.50
2014.08.12 01:12:33.705,1.81299,1.81319,1.00,1.00
2014.08.12 01:12:33.875,1.81307,1.81319,1.00,1.00
2014.08.12 01:12:33.976,1.81302,1.81319,1.00,1.00
2014.08.12 01:12:36.379,1.81302,1.8132,1.00,1.00
2014.08.12 01:12:38.235,1.81304,1.81323,1.00,1.05
2014.08.12 01:12:38.754,1.81303,1.81322,1.00,1.00
2014.08.12 01:12:39.931,1.81303,1.81319,1.00,1.00
2014.08.12 01:12:40.234,1.8131,1.81323,1.00,1.00
2014.08.12 01:12:40.335,1.8131,1.81329,1.50,1.00
2014.08.12 01:12:40.436,1.81312,1.81331,1.00,1.00
2014.08.12 01:12:40.537,1.81313,1.81334,1.50,1.50
2014.08.12 01:12:40.738,1.81316,1.81334,1.00,1.00
2014.08.12 01:12:41.314,1.81314,1.81333,1.00,1.00
2014.08.12 01:12:41.365,1.81314,1.81328,1.00,1.00
2014.08.12 01:12:42.640,1.81311,1.81328,1.50,1.00
2014.08.12 01:12:43.144,1.81311,1.81329,1.50,1.00
2014.08.12 01:12:48.393,1.81311,1.81332,1.50,1.00
2014.08.12 01:12:52.322,1.81312,1.81332,1.00,1.00
2014.08.12 01:12:52.423,1.81313,1.81334,1.00,1.00
2014.08.12 01:12:52.574,1.81316,1.81334,1.00,1.00
2014.08.12 01:12:53.125,1.81316,1.81334,1.18,1.00
2014.08.12 01:12:53.175,1.81316,1.81336,1.18,1.00
2014.08.12 01:12:53.377,1.81318,1.81338,1.00,1.00
2014.08.12 01:12:53.947,1.81317,1.81338,1.10,1.00
2014.08.12 01:12:56.214,1.81317,1.81333,1.10,1.00
2014.08.12 01:12:56.727,1.81317,1.81334,1.10,1.00
2014.08.12 01:12:57.376,1.81317,1.81333,1.10,1.00
2014.08.12 01:12:58.027,1.81315,1.81333,1.00,1.00
2014.08.12 01:12:58.078,1.81315,1.81337,1.00,1.00
2014.08.12 01:12:58.179,1.81315,1.81334,1.00,1.00
2014.08.12 01:12:58.704,1.81316,1.81333,1.00,1.00
2014.08.12 01:12:59.068,1.81316,1.81338,1.00,1.00
2014.08.12 01:12:59.403,1.81316,1.81333,1.50,1.00
2014.08.12 01:12:59.605,1.81316,1.81338,1.50,1.00
2014.08.12 01:13:00.200,1.81314,1.81338,1.50,1.50
2014.08.12 01:13:00.387,1.81314,1.81334,1.50,1.00
2014.08.12 01:13:01.561,1.81314,1.81333,1.50,1.00
2014.08.12 01:13:02.929,1.81314,1.81334,1.00,1.00
2014.08.12 01:13:03.081,1.81312,1.81334,1.10,1.00
2014.08.12 01:13:03.131,1.81312,1.81328,1.10,1.00
2014.08.12 01:13:03.327,1.81308,1.81332,1.58,1.00
2014.08.12 01:13:03.428,1.81308,1.81332,1.00,1.00
2014.08.12 01:13:03.479,1.81308,1.8133,1.00,1.00
2014.08.12 01:13:03.781,1.81302,1.81321,1.00,1.00
2014.08.12 01:13:03.882,1.81293,1.81317,1.20,1.00
2014.08.12 01:13:03.983,1.81293,1.81315,1.20,1.50
2014.08.12 01:13:04.084,1.81293,1.81317,1.20,1.50
2014.08.12 01:13:04.185,1.81295,1.81319,1.00,2.63
2014.08.12 01:13:04.500,1.81291,1.81313,1.00,1.00
2014.08.12 01:13:04.957,1.81289,1.81311,1.00,1.00
2014.08.12 01:13:05.288,1.81288,1.81309,1.00,1.00
2014.08.12 01:13:05.792,1.81288,1.8131,1.00,1.00
2014.08.12 01:13:06.105,1.81288,1.81308,1.00,1.00
2014.08.12 01:13:06.414,1.81288,1.8131,1.00,1.00
2014.08.12 01:13:06.524,1.8129,1.81312,1.00,1.00
2014.08.12 01:13:06.726,1.8129,1.81314,1.08,1.50
2014.08.12 01:13:07.483,1.81292,1.81314,1.00,1.00
2014.08.12 01:13:08.314,1.81292,1.81313,1.00,1.00
2014.08.12 01:13:09.171,1.81292,1.81309,1.00,1.00
2014.08.12 01:13:09.387,1.81292,1.81313,1.00,1.00
2014.08.12 01:13:09.848,1.81292,1.81309,1.00,1.00
2014.08.12 01:13:09.999,1.8129,1.81309,1.00,1.00
2014.08.12 01:13:10.315,1.81288,1.81309,1.00,1.00
2014.08.12 01:13:10.466,1.81286,1.81308,1.00,1.00
2014.08.12 01:13:10.920,1.81286,1.81304,1.00,1.00
2014.08.12 01:13:11.227,1.81284,1.81304,1.00,1.00
2014.08.12 01:13:11.533,1.81281,1.81304,1.00,1.18
2014.08.12 01:13:12.045,1.8128,1.81302,1.00,1.00
2014.08.12 01:13:15.746,1.81281,1.81303,1.00,1.00
2014.08.12 01:13:15.897,1.81283,1.81306,1.00,1.00
2014.08.12 01:13:15.998,1.81285,1.81306,1.00,1.00
2014.08.12 01:13:16.150,1.81284,1.81308,1.50,1.00
2014.08.12 01:13:16.402,1.81284,1.81305,1.00,1.00
2014.08.12 01:13:16.603,1.81284,1.81308,1.00,1.00
2014.08.12 01:13:17.207,1.81285,1.81308,1.00,1.00
2014.08.12 01:13:17.800,1.81285,1.81309,1.50,1.00
2014.08.12 01:13:18.431,1.81288,1.81309,1.00,1.00
2014.08.12 01:13:18.482,1.81288,1.81311,1.00,1.00
2014.08.12 01:13:20.152,1.81287,1.81311,1.00,1.00
2014.08.12 01:13:20.253,1.81289,1.81311,1.00,1.00
2014.08.12 01:13:21.319,1.81289,1.81313,1.00,1.00
2014.08.12 01:13:29.901,1.81292,1.81316,1.00,1.00
2014.08.12 01:13:30.229,1.81294,1.81318,1.00,1.50
2014.08.12 01:13:30.734,1.81294,1.81318,1.65,1.00
2014.08.12 01:13:31.046,1.81303,1.81319,1.00,1.00
2014.08.12 01:13:31.147,1.81303,1.81324,1.00,1.00
2014.08.12 01:13:31.248,1.81304,1.81328,1.00,1.00
2014.08.12 01:13:32.145,1.81304,1.81323,1.00,1.00
2014.08.12 01:13:33.558,1.81303,1.81323,1.00,1.00
2014.08.12 01:13:33.760,1.81301,1.81323,1.00,1.00
2014.08.12 01:13:34.012,1.813,1.81321,1.00,1.00
2014.08.12 01:13:34.164,1.81302,1.81324,1.00,1.00
2014.08.12 01:13:34.828,1.81302,1.81323,1.00,1.00
2014.08.12 01:13:34.979,1.813,1.81322,1.10,1.00
2014.08.12 01:13:35.180,1.813,1.81324,1.10,1.00
2014.08.12 01:13:46.735,1.81299,1.81323,1.00,1.00
2014.08.12 01:13:53.172,1.81299,1.81323,1.53,1.00
2014.08.12 01:13:53.223,1.81303,1.81327,1.00,1.00
2014.08.12 01:13:53.274,1.81303,1.81324,1.00,1.00
2014.08.12 01:13:53.375,1.81308,1.81332,1.00,1.17
2014.08.12 01:13:53.476,1.81314,1.81333,1.00,1.00
2014.08.12 01:13:53.778,1.81307,1.81328,1.00,1.00
2014.08.12 01:13:53.829,1.81307,1.81331,1.00,1.00
2014.08.12 01:13:53.880,1.81309,1.81331,1.00,1.00
2014.08.12 01:13:54.233,1.8131,1.81333,1.00,1.00
2014.08.12 01:13:54.334,1.81312,1.81333,1.00,1.00
2014.08.12 01:13:54.385,1.81312,1.81336,1.00,1.00
2014.08.12 01:13:54.436,1.81311,1.81333,1.20,1.00
2014.08.12 01:13:54.744,1.81309,1.81331,1.00,1.00
2014.08.12 01:13:55.645,1.81311,1.81333,1.00,1.00
2014.08.12 01:13:56.547,1.81309,1.81333,1.00,1.00
2014.08.12 01:13:58.953,1.81313,1.81335,1.00,1.00
2014.08.12 01:14:00.284,1.81311,1.81335,1.00,1.00
2014.08.12 01:14:04.499,1.81311,1.81335,1.38,1.00
2014.08.12 01:14:04.600,1.81314,1.81338,1.00,1.58
2014.08.12 01:14:05.103,1.81316,1.8134,1.00,1.15
2014.08.12 01:14:05.154,1.81316,1.8134,1.00,1.00
2014.08.12 01:14:05.255,1.81319,1.81343,1.00,1.08
2014.08.12 01:14:06.797,1.81319,1.81343,1.00,1.00
2014.08.12 01:14:07.204,1.81318,1.8134,1.00,1.00
2014.08.12 01:14:07.508,1.8132,1.81341,1.00,1.00
2014.08.12 01:14:12.075,1.81321,1.81343,1.00,1.50
2014.08.12 01:14:14.700,1.81318,1.81342,1.00,1.00
2014.08.12 01:14:15.235,1.81319,1.81343,1.00,1.00
2014.08.12 01:14:16.324,1.81317,1.81339,1.10,1.00
2014.08.12 01:14:17.738,1.81316,1.81339,1.00,1.00
2014.08.12 01:14:25.640,1.81316,1.81338,1.00,1.00
2014.08.12 01:14:25.740,1.81316,1.8134,1.00,1.00
2014.08.12 01:14:26.301,1.81316,1.81338,1.00,1.00
2014.08.12 01:14:30.342,1.81316,1.81334,1.00,1.00
2014.08.12 01:14:32.085,1.81314,1.81334,1.00,1.00
2014.08.12 01:14:32.619,1.81314,1.81333,1.00,1.00
2014.08.12 01:14:33.297,1.81313,1.81333,1.00,1.00
2014.08.12 01:14:33.448,1.81312,1.81329,1.00,1.00
2014.08.12 01:14:33.499,1.81309,1.81329,1.00,1.00
2014.08.12 01:14:33.650,1.81309,1.81333,1.00,1.00
2014.08.12 01:14:35.038,1.81308,1.8133,1.00,1.00
2014.08.12 01:14:37.384,1.81309,1.8133,1.00,1.00
2014.08.12 01:14:37.435,1.81309,1.81333,1.50,1.50
2014.08.12 01:14:37.611,1.81313,1.81333,1.00,1.00
2014.08.12 01:14:38.149,1.81312,1.81334,1.00,1.50
2014.08.12 01:14:40.389,1.81316,1.81334,1.00,1.00
2014.08.12 01:14:40.490,1.81313,1.81334,1.00,1.00
2014.08.12 01:14:46.065,1.81316,1.81334,1.00,1.00
2014.08.12 01:14:46.694,1.81317,1.81334,1.00,1.00
2014.08.12 01:14:47.649,1.81312,1.81334,1.50,1.00
2014.08.12 01:14:50.301,1.81313,1.81334,1.00,1.00
2014.08.12 01:14:51.221,1.81313,1.81337,1.50,1.00
2014.08.12 01:14:51.379,1.81313,1.81334,1.00,1.00
2014.08.12 01:14:51.561,1.81313,1.81337,1.00,1.00
2014.08.12 01:14:52.096,1.81314,1.81337,1.00,1.00
2014.08.12 01:14:52.147,1.81314,1.81333,1.00,1.00
2014.08.12 01:14:52.659,1.81314,1.81328,1.00,1.00
2014.08.12 01:14:53.205,1.81313,1.81328,1.00,1.00
2014.08.12 01:14:54.524,1.81312,1.81328,1.00,1.00
2014.08.12 01:14:55.033,1.81312,1.81329,1.00,1.00
2014.08.12 01:14:59.928,1.81312,1.81333,1.00,1.00
2014.08.12 01:15:01.360,1.81312,1.81329,1.00,1.00
2014.08.12 01:15:02.893,1.81312,1.81334,1.00,1.50
2014.08.12 01:15:03.145,1.81312,1.81328,1.00,1.00
2014.08.12 01:15:03.196,1.8131,1.81328,1.00,1.00
2014.08.12 01:15:09.647,1.8131,1.81329,1.00,1.00
2014.08.12 01:15:10.078,1.8131,1.81323,1.00,1.00
2014.08.12 01:15:10.606,1.8131,1.81324,1.00,1.00
2014.08.12 01:15:11.472,1.8131,1.81319,1.00,1.00
2014.08.12 01:15:11.623,1.81311,1.81323,1.00,1.00
2014.08.12 01:15:12.128,1.8131,1.81324,1.00,1.00
2014.08.12 01:15:12.616,1.8131,1.81319,1.00,1.00
2014.08.12 01:15:13.178,1.81311,1.81319,1.00,1.00
2014.08.12 01:15:13.380,1.81312,1.81323,1.00,1.00
2014.08.12 01:15:13.777,1.81316,1.81323,1.00,1.00
2014.08.12 01:15:13.828,1.81316,1.81329,1.00,1.00
2014.08.12 01:15:14.080,1.8132,1.81328,1.00,1.00
2014.08.12 01:15:14.181,1.81317,1.81328,1.00,1.00
2014.08.12 01:15:14.534,1.81312,1.81328,1.50,1.00
2014.08.12 01:15:14.585,1.81312,1.81324,1.50,1.00
2014.08.12 01:15:15.103,1.81312,1.81323,1.00,1.00
2014.08.12 01:15:15.882,1.81312,1.81324,1.00,1.00
2014.08.12 01:15:16.190,1.81312,1.81321,1.00,1.00
2014.08.12 01:15:16.341,1.81312,1.81323,1.00,1.00
2014.08.12 01:15:16.642,1.81312,1.81328,1.00,1.00
2014.08.12 01:15:17.162,1.81316,1.81328,1.00,1.00
2014.08.12 01:15:17.264,1.81314,1.81328,1.00,1.00
2014.08.12 01:15:22.036,1.81311,1.81328,1.00,1.00
2014.08.12 01:15:22.188,1.81311,1.81323,1.00,1.00
2014.08.12 01:15:36.443,1.81311,1.81328,1.00,1.00
2014.08.12 01:15:36.594,1.81311,1.81323,1.00,1.00
2014.08.12 01:15:36.912,1.81311,1.8132,1.00,1.00
2014.08.12 01:15:37.114,1.81311,1.81324,1.00,1.00
2014.08.12 01:15:37.372,1.81311,1.81319,1.00,1.00
2014.08.12 01:15:37.592,1.81311,1.81328,1.00,1.00
2014.08.12 01:15:37.693,1.81311,1.81324,1.00,1.00
2014.08.12 01:15:38.032,1.81311,1.8132,1.00,1.00
2014.08.12 01:15:39.132,1.81311,1.81318,1.00,1.00
2014.08.12 01:15:39.667,1.8131,1.81319,1.00,1.00
2014.08.12 01:15:39.770,1.8131,1.81323,1.00,1.00
2014.08.12 01:15:40.843,1.8131,1.81319,1.00,1.00
2014.08.12 01:15:42.197,1.8131,1.81318,1.00,1.00
2014.08.12 01:15:52.832,1.8131,1.81323,1.00,1.00
2014.08.12 01:15:53.185,1.8131,1.81318,1.00,1.00
2014.08.12 01:15:53.236,1.81306,1.81318,1.00,1.00
2014.08.12 01:15:53.387,1.81305,1.81314,1.00,1.00
2014.08.12 01:15:53.937,1.81305,1.81313,1.00,1.00
2014.08.12 01:15:54.857,1.81305,1.81319,1.00,1.00
2014.08.12 01:15:55.175,1.81305,1.81311,1.00,1.00
2014.08.12 01:15:55.326,1.81302,1.8131,1.00,1.00
2014.08.12 01:15:55.586,1.81295,1.81312,1.00,1.00
2014.08.12 01:15:55.778,1.813,1.81319,1.00,1.00
2014.08.12 01:15:56.597,1.813,1.81308,1.00,1.00
2014.08.12 01:15:57.111,1.81301,1.81309,1.00,1.00
2014.08.12 01:15:59.142,1.81301,1.81313,1.00,1.00
2014.08.12 01:15:59.667,1.81301,1.81314,1.50,1.00
2014.08.12 01:16:00.331,1.81301,1.8131,1.50,1.00
2014.08.12 01:16:03.298,1.81301,1.81313,1.00,1.00
2014.08.12 01:16:05.041,1.81301,1.81318,1.00,1.00
2014.08.12 01:16:05.193,1.81303,1.81318,1.00,1.00
2014.08.12 01:16:05.714,1.81304,1.81318,1.00,1.00
2014.08.12 01:16:06.217,1.81304,1.81319,1.00,1.00
2014.08.12 01:16:06.369,1.81304,1.81322,1.00,1.00
2014.08.12 01:16:06.582,1.81304,1.81313,1.00,1.00
2014.08.12 01:16:08.195,1.81302,1.81313,1.00,1.00
2014.08.12 01:16:08.246,1.81302,1.8131,1.00,1.00
2014.08.12 01:16:08.673,1.81302,1.81314,1.00,1.00
2014.08.12 01:16:10.144,1.81302,1.81313,1.00,1.00
2014.08.12 01:16:10.802,1.81304,1.81313,1.00,1.00
2014.08.12 01:16:12.081,1.81304,1.81318,1.00,1.00
2014.08.12 01:16:13.853,1.81304,1.81319,1.00,1.00
2014.08.12 01:16:15.684,1.81305,1.81319,1.00,1.00
2014.08.12 01:16:15.735,1.81305,1.81323,1.00,1.00
2014.08.12 01:16:15.936,1.81307,1.81324,1.00,1.00
2014.08.12 01:16:16.088,1.81307,1.81326,1.00,1.00
2014.08.12 01:16:16.189,1.81307,1.81323,1.00,1.00
2014.08.12 01:16:16.491,1.81307,1.81319,1.00,1.00
2014.08.12 01:16:20.256,1.81307,1.81323,1.00,1.00
2014.08.12 01:16:20.569,1.81307,1.81319,1.00,1.00
2014.08.12 01:16:20.821,1.81307,1.81324,1.00,1.00
2014.08.12 01:16:21.323,1.81309,1.81324,1.00,1.00
2014.08.12 01:16:21.643,1.81313,1.81328,1.00,1.00
2014.08.12 01:16:21.794,1.81313,1.81332,1.00,1.00
2014.08.12 01:16:21.895,1.81313,1.81329,1.00,1.00
2014.08.12 01:16:22.902,1.81313,1.81323,1.50,1.00
2014.08.12 01:16:23.104,1.81313,1.81328,1.50,1.00
2014.08.12 01:16:23.628,1.81313,1.81329,1.50,1.00
2014.08.12 01:16:23.991,1.81313,1.81323,1.50,1.00
2014.08.12 01:16:24.541,1.81313,1.81324,1.50,1.00
2014.08.12 01:16:25.883,1.81313,1.81328,1.00,1.00
2014.08.12 01:16:25.996,1.81311,1.81328,1.00,1.00
2014.08.12 01:16:26.404,1.81311,1.8133,1.00,1.00
2014.08.12 01:16:26.455,1.81313,1.81332,1.00,1.00
2014.08.12 01:16:26.822,1.81313,1.81328,1.00,1.00
2014.08.12 01:16:28.409,1.81313,1.81329,1.00,1.00
2014.08.12 01:16:28.603,1.81313,1.81332,1.00,1.00
2014.08.12 01:16:28.956,1.81313,1.81328,1.50,1.00
2014.08.12 01:16:29.387,1.81313,1.81332,1.50,1.00
2014.08.12 01:16:45.279,1.81314,1.81334,1.00,1.00
2014.08.12 01:16:46.070,1.81314,1.81333,1.00,1.00
2014.08.12 01:16:49.811,1.81314,1.81329,1.00,1.00
2014.08.12 01:16:52.146,1.81314,1.81333,1.00,1.00
2014.08.12 01:16:52.197,1.81317,1.81333,1.00,1.00
2014.08.12 01:16:52.510,1.81317,1.81328,1.00,1.00
2014.08.12 01:16:52.561,1.81314,1.81328,1.00,1.00
2014.08.12 01:16:52.662,1.81312,1.81328,1.00,1.00
2014.08.12 01:16:57.449,1.81312,1.81329,1.00,1.00
2014.08.12 01:16:58.060,1.81312,1.81328,1.00,1.00
2014.08.12 01:16:58.569,1.81311,1.81328,1.00,1.00
2014.08.12 01:16:58.621,1.81311,1.8133,1.00,1.00
2014.08.12 01:16:58.824,1.81313,1.81334,1.00,1.50
2014.08.12 01:16:58.874,1.81313,1.81328,1.00,1.00
2014.08.12 01:16:59.387,1.81312,1.81328,1.00,1.00
2014.08.12 01:17:01.122,1.81309,1.81328,1.00,1.00
2014.08.12 01:17:11.767,1.81311,1.81328,1.00,1.00
2014.08.12 01:17:12.019,1.81308,1.81328,1.00,1.00
2014.08.12 01:17:12.532,1.81308,1.81329,1.00,1.50
2014.08.12 01:17:16.940,1.8131,1.81329,1.00,1.50
2014.08.12 01:17:17.711,1.81312,1.81331,1.00,1.00
2014.08.12 01:17:18.019,1.81312,1.81328,1.00,1.00
2014.08.12 01:17:19.440,1.81312,1.81331,1.00,1.00
2014.08.12 01:17:20.276,1.81315,1.81334,1.00,1.50
2014.08.12 01:17:20.477,1.81316,1.81337,1.00,1.00
2014.08.12 01:17:20.830,1.81316,1.81333,1.00,1.00
2014.08.12 01:17:22.390,1.81316,1.81334,1.00,1.00
2014.08.12 01:17:23.150,1.81316,1.81337,1.00,1.00
2014.08.12 01:17:23.890,1.81316,1.81333,1.00,1.00
2014.08.12 01:17:26.354,1.81316,1.81337,1.00,1.00
2014.08.12 01:17:26.405,1.81322,1.81339,1.00,1.00
2014.08.12 01:17:26.657,1.81319,1.81339,1.00,1.00
2014.08.12 01:17:27.175,1.81317,1.81338,1.00,1.50
2014.08.12 01:17:32.886,1.81316,1.81335,1.00,1.00
2014.08.12 01:17:34.166,1.81316,1.81333,1.00,1.00
2014.08.12 01:17:34.669,1.81316,1.81334,1.00,1.00
2014.08.12 01:17:34.993,1.8131,1.81331,1.00,1.00
2014.08.12 01:17:35.144,1.8131,1.81328,1.00,1.00
2014.08.12 01:17:35.548,1.81314,1.81328,1.00,1.00
2014.08.12 01:17:35.649,1.81309,1.81328,1.00,1.50
2014.08.12 01:17:35.750,1.81305,1.81326,1.50,1.00
2014.08.12 01:17:35.901,1.81307,1.81326,1.00,1.00
2014.08.12 01:17:36.002,1.81309,1.8133,1.50,1.00
2014.08.12 01:17:36.103,1.81313,1.81332,1.00,1.00
2014.08.12 01:17:36.406,1.81315,1.81334,1.00,1.00
2014.08.12 01:17:37.348,1.81315,1.81333,1.00,1.00
2014.08.12 01:17:37.726,1.81318,1.81333,1.00,1.00
2014.08.12 01:17:37.978,1.81316,1.81333,1.00,1.00
2014.08.12 01:17:40.669,1.81316,1.81328,1.00,1.00
2014.08.12 01:17:40.720,1.81311,1.81328,1.00,1.00
2014.08.12 01:17:40.771,1.81311,1.81332,1.00,1.00
2014.08.12 01:17:40.821,1.81314,1.81333,1.00,1.00
2014.08.12 01:17:41.124,1.81319,1.81338,1.00,1.50
2014.08.12 01:17:41.275,1.81315,1.81336,1.00,1.00
2014.08.12 01:17:47.339,1.81315,1.81334,1.50,1.00
2014.08.12 01:17:51.853,1.81315,1.81336,1.50,1.00
2014.08.12 01:17:51.954,1.81319,1.81338,1.00,1.00
2014.08.12 01:18:03.302,1.81322,1.81338,1.00,1.00
2014.08.12 01:18:03.507,1.81322,1.81341,1.00,1.00
2014.08.12 01:18:05.853,1.81321,1.81341,1.00,1.00
2014.08.12 01:18:12.156,1.81321,1.81338,1.00,1.00
2014.08.12 01:18:26.063,1.81321,1.81339,1.00,1.00
2014.08.12 01:18:32.045,1.81322,1.81339,1.00,1.00
2014.08.12 01:18:35.269,1.81322,1.81341,1.00,1.00
2014.08.12 01:18:35.831,1.81323,1.81342,1.00,1.00
2014.08.12 01:18:42.754,1.81322,1.81343,1.50,1.13
2014.08.12 01:18:42.855,1.81322,1.8134,1.00,1.00
2014.08.12 01:18:42.905,1.81319,1.8134,1.00,1.00
2014.08.12 01:18:42.956,1.81317,1.81336,1.00,1.00
2014.08.12 01:18:43.269,1.81314,1.81333,1.00,1.00
2014.08.12 01:18:43.521,1.81318,1.81339,1.00,1.00
2014.08.12 01:18:43.622,1.81317,1.81337,1.00,1.00
2014.08.12 01:18:43.924,1.8132,1.81339,1.00,1.00
2014.08.12 01:18:54.159,1.81322,1.81339,1.00,1.00
2014.08.12 01:18:54.311,1.81322,1.81341,1.00,1.00
2014.08.12 01:18:56.867,1.81321,1.81341,1.00,1.00
2014.08.12 01:19:00.619,1.8132,1.81341,1.00,1.00
2014.08.12 01:19:00.670,1.81317,1.81336,1.50,1.00
2014.08.12 01:19:04.339,1.81313,1.81332,1.00,1.00
2014.08.12 01:19:04.641,1.81311,1.81332,1.50,1.00
2014.08.12 01:19:04.742,1.81314,1.81333,1.00,1.00
2014.08.12 01:19:04.893,1.81314,1.81335,1.00,1.00
2014.08.12 01:19:05.096,1.81317,1.81338,1.00,1.00
2014.08.12 01:19:05.431,1.81322,1.81341,1.00,1.00
2014.08.12 01:19:05.733,1.8132,1.81339,1.00,1.00
2014.08.12 01:19:06.036,1.8132,1.81337,1.00,1.00
2014.08.12 01:19:06.086,1.81318,1.81337,1.00,1.50
2014.08.12 01:19:07.273,1.81316,1.81335,1.00,1.00
2014.08.12 01:19:07.594,1.81321,1.81335,1.00,1.00
2014.08.12 01:19:07.645,1.81321,1.81337,1.00,1.00
2014.08.12 01:19:07.951,1.81321,1.8134,1.50,1.00
2014.08.12 01:19:08.057,1.81321,1.81338,1.00,1.00
2014.08.12 01:19:10.045,1.81321,1.81341,1.00,1.00
2014.08.12 01:19:11.488,1.81321,1.81339,1.00,1.00
2014.08.12 01:19:14.361,1.81318,1.81339,1.00,1.00
2014.08.12 01:19:14.462,1.81317,1.81336,1.00,1.00
2014.08.12 01:19:14.564,1.81314,1.81335,1.15,1.00
2014.08.12 01:19:16.917,1.81316,1.81335,1.00,1.00
2014.08.12 01:19:16.968,1.81317,1.81338,1.00,1.00
2014.08.12 01:19:17.069,1.8132,1.81339,1.00,1.00
2014.08.12 01:19:17.527,1.81318,1.81337,1.00,1.00
2014.08.12 01:19:17.833,1.81316,1.81334,1.00,1.00
2014.08.12 01:19:18.185,1.81316,1.81336,1.00,1.00
2014.08.12 01:19:18.286,1.81317,1.81338,1.00,1.00
2014.08.12 01:19:18.514,1.81319,1.8134,1.00,1.00
2014.08.12 01:19:22.651,1.81322,1.8134,1.00,1.00
2014.08.12 01:19:22.853,1.81325,1.81344,1.00,1.00
2014.08.12 01:19:23.005,1.81327,1.81348,1.00,1.00
2014.08.12 01:19:25.968,1.81332,1.81353,1.00,1.50
2014.08.12 01:19:26.270,1.81334,1.81355,1.00,1.00
2014.08.12 01:19:26.591,1.81337,1.81356,1.00,1.00
2014.08.12 01:19:26.893,1.81339,1.81358,1.00,1.00
2014.08.12 01:19:33.700,1.81337,1.81356,1.00,1.00
2014.08.12 01:19:34.020,1.81331,1.81352,1.00,1.00
2014.08.12 01:19:34.121,1.81329,1.8135,1.00,1.00
2014.08.12 01:19:34.430,1.81331,1.81352,1.00,1.00
2014.08.12 01:19:34.777,1.81334,1.81353,1.00,1.00
2014.08.12 01:19:42.732,1.81337,1.81353,1.00,1.00
2014.08.12 01:19:42.883,1.81337,1.81356,1.00,1.00
2014.08.12 01:19:43.144,1.81335,1.81354,1.00,1.00
2014.08.12 01:19:43.397,1.81332,1.81353,1.13,1.00
2014.08.12 01:19:43.498,1.81336,1.81355,1.00,1.00
2014.08.12 01:19:43.598,1.81338,1.81358,1.00,1.00
2014.08.12 01:19:45.556,1.81338,1.81358,1.00,1.08
2014.08.12 01:19:45.808,1.81329,1.81349,1.00,1.00
2014.08.12 01:19:45.909,1.81329,1.81347,1.00,1.00
2014.08.12 01:19:45.960,1.81326,1.81347,1.00,1.00
2014.08.12 01:19:46.010,1.81329,1.81348,1.00,1.00
2014.08.12 01:19:46.314,1.81327,1.81346,1.50,1.00
2014.08.12 01:19:46.364,1.81329,1.81349,1.00,1.00
2014.08.12 01:19:46.465,1.81328,1.81347,1.00,1.00
2014.08.12 01:19:46.566,1.81329,1.8135,1.00,1.00
2014.08.12 01:19:51.314,1.81332,1.81351,1.00,1.00
2014.08.12 01:19:55.669,1.81332,1.8135,1.00,2.25
2014.08.12 01:19:56.374,1.81332,1.81351,1.00,1.10
2014.08.12 01:19:58.429,1.81333,1.81351,1.00,1.10
2014.08.12 01:19:58.681,1.81339,1.8136,1.50,1.00
2014.08.12 01:19:58.782,1.81341,1.81362,1.00,1.00
2014.08.12 01:19:59.330,1.81339,1.8136,1.50,1.00
2014.08.12 01:19:59.635,1.81339,1.81358,1.00,1.00
2014.08.12 01:20:00.011,1.81341,1.81358,1.00,1.00
2014.08.12 01:20:01.521,1.81338,1.81358,1.00,1.00
2014.08.12 01:20:01.723,1.8134,1.81358,1.00,1.00
2014.08.12 01:20:02.311,1.8134,1.81361,1.00,1.00
2014.08.12 01:20:03.346,1.8134,1.81358,1.00,1.00
2014.08.12 01:20:03.447,1.8134,1.81361,1.00,1.00
2014.08.12 01:20:03.498,1.81337,1.81361,1.00,1.00
2014.08.12 01:20:03.699,1.81339,1.81363,1.00,1.00
2014.08.12 01:20:05.123,1.81339,1.81359,1.00,1.00
2014.08.12 01:20:05.224,1.81339,1.81363,1.00,1.50
2014.08.12 01:20:05.274,1.81336,1.8136,1.00,1.00
2014.08.12 01:20:06.096,1.81336,1.81349,1.00,1.00
2014.08.12 01:20:06.147,1.81334,1.81349,1.00,1.00
2014.08.12 01:20:06.198,1.81334,1.81351,1.00,1.00
2014.08.12 01:20:06.306,1.81327,1.81351,1.50,2.33
2014.08.12 01:20:06.357,1.81327,1.81349,1.00,1.00
2014.08.12 01:20:06.408,1.81325,1.81348,1.00,1.00
2014.08.12 01:20:06.553,1.81323,1.81345,1.00,1.00
2014.08.12 01:20:08.039,1.81327,1.81345,1.00,1.00
2014.08.12 01:20:08.558,1.81327,1.81343,1.00,1.00
2014.08.12 01:20:09.084,1.81326,1.81343,1.00,1.00
2014.08.12 01:20:09.134,1.81322,1.81343,1.00,1.00
2014.08.12 01:20:09.594,1.81319,1.81342,1.00,1.00
2014.08.12 01:20:12.256,1.81319,1.81343,1.00,2.33
2014.08.12 01:20:13.072,1.81317,1.81338,1.00,1.00
2014.08.12 01:20:13.806,1.81317,1.81337,1.00,1.00
2014.08.12 01:20:14.108,1.81316,1.81334,1.00,1.00
2014.08.12 01:20:14.309,1.81311,1.81331,1.00,1.00
2014.08.12 01:20:14.511,1.81311,1.81329,1.00,1.00
2014.08.12 01:20:14.662,1.81308,1.81328,1.00,1.00
2014.08.12 01:20:16.555,1.81307,1.81328,1.00,1.00
2014.08.12 01:20:33.970,1.81307,1.8133,1.00,1.00
2014.08.12 01:20:34.020,1.81312,1.8133,1.00,1.00
2014.08.12 01:20:34.535,1.81311,1.8133,1.00,1.00
2014.08.12 01:20:39.370,1.81311,1.81328,1.00,1.00
2014.08.12 01:20:40.692,1.81311,1.81331,1.00,1.00
2014.08.12 01:20:47.879,1.81317,1.81331,1.00,1.00
2014.08.12 01:20:48.389,1.81317,1.81334,1.00,1.30
2014.08.12 01:20:54.777,1.81312,1.81334,1.00,1.30
2014.08.12 01:20:55.565,1.81312,1.81334,1.00,1.30
2014.08.12 01:20:56.334,1.81317,1.81334,1.00,1.30
2014.08.12 01:20:56.852,1.81317,1.81331,1.00,1.00
2014.08.12 01:21:02.585,1.81316,1.81331,1.00,1.00
2014.08.12 01:21:02.787,1.81316,1.81336,1.00,1.00
2014.08.12 01:21:02.888,1.81318,1.81336,1.00,1.00
2014.08.12 01:21:03.140,1.81323,1.81347,1.00,1.58
2014.08.12 01:21:03.687,1.81322,1.81343,1.00,1.00
2014.08.12 01:21:05.154,1.81321,1.81343,1.50,1.00
2014.08.12 01:21:06.325,1.81323,1.81345,1.00,1.10
2014.08.12 01:21:06.632,1.81321,1.81343,1.00,1.00
2014.08.12 01:21:06.875,1.81319,1.81343,1.00,1.00
2014.08.12 01:21:10.028,1.81322,1.81344,1.00,1.00
2014.08.12 01:21:13.206,1.81322,1.81342,1.00,1.00
2014.08.12 01:21:13.257,1.81317,1.81339,1.50,1.00
2014.08.12 01:21:13.461,1.81316,1.81337,1.00,1.00
2014.08.12 01:21:13.766,1.81317,1.81335,1.00,1.00
2014.08.12 01:21:28.056,1.81313,1.81335,1.00,1.00
2014.08.12 01:21:28.422,1.81316,1.81335,1.00,1.00
2014.08.12 01:21:28.740,1.81316,1.81337,1.00,1.00
2014.08.12 01:21:29.266,1.81316,1.81338,1.00,1.50
2014.08.12 01:21:30.021,1.81317,1.81338,1.00,1.00
2014.08.12 01:21:32.383,1.81317,1.81334,1.00,1.00
2014.08.12 01:21:42.388,1.81326,1.81339,1.00,1.10
2014.08.12 01:21:42.489,1.81326,1.81341,1.00,1.00
2014.08.12 01:21:42.741,1.81326,1.81344,1.00,1.00
2014.08.12 01:21:42.893,1.81326,1.81346,1.00,1.00
2014.08.12 01:21:43.104,1.81326,1.81344,1.00,1.00
2014.08.12 01:21:43.255,1.81324,1.81346,1.00,1.13
2014.08.12 01:21:43.356,1.81322,1.81342,1.00,1.00
2014.08.12 01:21:55.693,1.8132,1.81342,1.00,1.00
2014.08.12 01:22:00.992,1.81322,1.81344,1.00,1.00
2014.08.12 01:22:13.937,1.81318,1.81342,1.00,1.00
2014.08.12 01:22:14.088,1.8132,1.81341,1.00,1.00
2014.08.12 01:22:14.573,1.81322,1.81341,1.00,1.20
2014.08.12 01:22:18.374,1.81322,1.8134,1.00,1.00
2014.08.12 01:22:19.853,1.81319,1.8134,1.00,1.00
2014.08.12 01:22:20.106,1.81322,1.8134,1.00,1.00
2014.08.12 01:22:20.408,1.81322,1.81338,1.00,1.00
2014.08.12 01:22:20.950,1.81322,1.81339,1.00,1.00
2014.08.12 01:22:22.651,1.8132,1.81339,1.00,1.00
2014.08.12 01:22:23.828,1.81322,1.81339,1.00,1.00
2014.08.12 01:22:26.585,1.81316,1.81335,1.50,1.00
2014.08.12 01:22:26.736,1.81316,1.81332,1.00,1.00
2014.08.12 01:22:26.787,1.81312,1.81332,1.00,1.00
2014.08.12 01:22:27.303,1.81312,1.81331,1.00,1.00
2014.08.12 01:22:29.642,1.81321,1.81331,1.00,1.00
2014.08.12 01:22:29.693,1.81326,1.81339,1.00,1.00
2014.08.12 01:22:29.896,1.81327,1.81341,1.00,1.00
2014.08.12 01:22:29.997,1.81327,1.81344,1.00,1.00
2014.08.12 01:22:30.997,1.81327,1.81346,1.50,1.00
2014.08.12 01:22:35.052,1.81327,1.81338,1.00,1.00
2014.08.12 01:22:35.153,1.81322,1.81338,1.38,1.00
2014.08.12 01:22:35.254,1.81319,1.81338,1.00,1.88
2014.08.12 01:22:35.355,1.81316,1.81335,1.50,1.00
2014.08.12 01:22:35.506,1.81316,1.81331,1.00,1.00
2014.08.12 01:22:35.865,1.81316,1.81334,1.00,1.00
2014.08.12 01:22:37.166,1.81312,1.81331,1.00,1.00
2014.08.12 01:22:39.866,1.81313,1.81331,1.00,1.00
2014.08.12 01:22:39.916,1.81317,1.81333,1.00,1.00
2014.08.12 01:22:40.017,1.81317,1.81335,1.00,1.00
2014.08.12 01:22:40.532,1.81317,1.81336,1.00,1.00
2014.08.12 01:22:41.867,1.81316,1.81336,1.00,1.00
2014.08.12 01:22:43.350,1.81316,1.81335,1.00,1.00
2014.08.12 01:22:49.882,1.81317,1.81335,1.00,1.00
2014.08.12 01:22:58.576,1.81316,1.81335,1.00,1.00
2014.08.12 01:22:58.828,1.81316,1.81333,1.00,1.00
2014.08.12 01:23:02.459,1.81312,1.81333,1.00,1.00
2014.08.12 01:23:07.958,1.81312,1.8133,1.00,1.00
2014.08.12 01:23:09.674,1.81313,1.8133,1.00,1.00
2014.08.12 01:23:09.725,1.81313,1.81334,1.50,1.00
2014.08.12 01:23:11.903,1.81317,1.81334,1.00,1.00
2014.08.12 01:23:12.430,1.81317,1.81333,1.00,1.00
2014.08.12 01:23:12.541,1.81314,1.81333,1.00,1.00
2014.08.12 01:23:13.235,1.81316,1.81337,1.00,1.00
2014.08.12 01:23:13.764,1.81317,1.81338,1.50,1.00
2014.08.12 01:23:13.815,1.81317,1.81335,1.00,1.00
2014.08.12 01:23:15.625,1.81322,1.81335,1.00,1.00
2014.08.12 01:23:15.676,1.81322,1.81338,1.00,1.00
2014.08.12 01:23:15.878,1.81327,1.81343,1.00,1.00
2014.08.12 01:23:16.319,1.81327,1.81346,1.00,1.00
2014.08.12 01:23:17.846,1.81327,1.81347,1.00,1.00
2014.08.12 01:23:17.998,1.81325,1.81344,1.00,1.00
2014.08.12 01:23:18.098,1.81322,1.81343,1.10,1.00
2014.08.12 01:23:18.199,1.81325,1.81344,1.00,1.00
2014.08.12 01:23:18.715,1.81326,1.81344,1.00,1.00
2014.08.12 01:23:19.233,1.81325,1.81344,1.00,1.00
2014.08.12 01:23:20.257,1.81326,1.81344,1.00,1.00
2014.08.12 01:23:20.515,1.81327,1.81348,1.00,1.00
2014.08.12 01:23:20.617,1.81331,1.81348,1.00,1.50
2014.08.12 01:23:20.822,1.81327,1.81348,1.50,1.50
2014.08.12 01:23:20.945,1.81332,1.81348,1.00,1.50
2014.08.12 01:23:21.122,1.81327,1.81348,1.00,1.50
2014.08.12 01:23:22.266,1.81328,1.81347,1.00,1.00
2014.08.12 01:23:22.367,1.81326,1.81346,1.00,1.10
2014.08.12 01:23:22.687,1.81322,1.81346,1.50,1.58
2014.08.12 01:23:24.221,1.81323,1.81347,1.00,1.18
2014.08.12 01:23:34.140,1.81323,1.81346,1.00,1.55
2014.08.12 01:23:34.348,1.81318,1.8134,1.50,1.00
2014.08.12 01:23:34.449,1.81319,1.81337,1.00,1.00
2014.08.12 01:23:34.706,1.81317,1.81336,1.50,1.00
2014.08.12 01:23:36.623,1.8132,1.8134,1.00,1.00
2014.08.12 01:23:36.811,1.81322,1.81343,1.00,1.00
2014.08.12 01:23:40.738,1.81326,1.81345,1.00,1.00
2014.08.12 01:23:41.608,1.81327,1.81345,1.00,1.00
2014.08.12 01:23:42.116,1.81326,1.81344,1.00,1.00
2014.08.12 01:23:44.873,1.81327,1.81346,1.00,1.00
2014.08.12 01:23:45.024,1.81327,1.81348,1.00,1.00
2014.08.12 01:23:45.578,1.81329,1.8135,1.00,1.00
2014.08.12 01:23:45.881,1.81333,1.81352,1.00,1.00
2014.08.12 01:23:46.184,1.81336,1.81352,1.50,1.00
2014.08.12 01:23:46.335,1.8134,1.81364,1.00,1.00
2014.08.12 01:23:46.436,1.81337,1.81359,1.50,1.00
2014.08.12 01:23:46.955,1.81338,1.8136,1.00,1.00
2014.08.12 01:23:47.006,1.81336,1.81359,1.00,1.00
2014.08.12 01:23:48.317,1.81336,1.81356,1.00,1.00
2014.08.12 01:23:48.878,1.81337,1.81356,1.00,1.00
2014.08.12 01:23:49.647,1.81336,1.81356,1.00,1.00
2014.08.12 01:23:51.290,1.81336,1.81357,1.00,1.00
2014.08.12 01:23:51.803,1.81336,1.81356,1.00,1.00
2014.08.12 01:23:56.910,1.81337,1.81356,1.00,1.00
2014.08.12 01:23:57.092,1.81334,1.81356,1.00,1.00
2014.08.12 01:23:58.368,1.81334,1.81356,1.00,1.08
2014.08.12 01:23:58.419,1.81331,1.81355,1.00,1.20
2014.08.12 01:23:58.933,1.8133,1.81354,1.00,1.00
2014.08.12 01:23:58.983,1.81332,1.81354,1.00,1.00
2014.08.12 01:23:59.084,1.8133,1.81354,1.50,1.00
2014.08.12 01:23:59.856,1.81331,1.81354,1.00,1.00
2014.08.12 01:24:00.366,1.81332,1.81354,1.00,1.00
2014.08.12 01:24:01.198,1.81334,1.81356,1.00,1.00
2014.08.12 01:24:01.623,1.81337,1.81356,1.00,1.00
2014.08.12 01:24:06.675,1.81334,1.81356,1.00,1.00
2014.08.12 01:24:06.828,1.81334,1.81356,1.00,1.08
2014.08.12 01:24:07.260,1.81331,1.81355,1.00,1.08
2014.08.12 01:24:08.421,1.81329,1.81353,1.50,1.00
2014.08.12 01:24:13.380,1.81331,1.81353,1.00,1.00
2014.08.12 01:24:13.690,1.81337,1.81353,1.00,1.00
2014.08.12 01:24:13.842,1.81332,1.81354,1.50,1.00
2014.08.12 01:24:13.994,1.81332,1.81353,1.50,1.08
2014.08.12 01:24:14.310,1.81331,1.8135,1.00,1.00
2014.08.12 01:24:14.361,1.81328,1.81349,1.00,1.00
2014.08.12 01:24:14.613,1.81332,1.81349,1.00,1.00
2014.08.12 01:24:15.140,1.81332,1.81349,1.00,1.18
2014.08.12 01:24:19.343,1.81332,1.81349,1.00,1.10
2014.08.12 01:24:19.889,1.81328,1.81349,1.00,1.00
2014.08.12 01:24:22.641,1.81331,1.81349,1.00,1.00
2014.08.12 01:24:22.849,1.81331,1.81351,1.00,1.00
2014.08.12 01:24:22.950,1.81333,1.81351,1.00,1.00
2014.08.12 01:24:23.052,1.81337,1.81356,1.00,1.00
2014.08.12 01:24:23.512,1.81338,1.81359,1.00,1.50
2014.08.12 01:24:24.075,1.8134,1.81361,1.00,1.00
2014.08.12 01:24:25.789,1.81343,1.81363,1.00,1.50
2014.08.12 01:24:26.343,1.81342,1.81363,1.00,1.00
2014.08.12 01:24:26.591,1.81342,1.81366,1.38,1.10
2014.08.12 01:24:26.692,1.81349,1.81369,1.00,1.00
2014.08.12 01:24:27.046,1.81346,1.81369,1.00,1.00
2014.08.12 01:24:27.566,1.81344,1.81363,1.50,1.00
2014.08.12 01:24:28.114,1.81344,1.81364,1.00,1.00
2014.08.12 01:24:28.899,1.81344,1.81363,1.00,1.00
2014.08.12 01:24:29.409,1.81344,1.81364,1.00,1.00
2014.08.12 01:24:29.959,1.81344,1.81363,1.00,1.00
2014.08.12 01:24:30.128,1.81344,1.81368,1.00,1.00
2014.08.12 01:24:30.330,1.81346,1.81369,1.00,1.00
2014.08.12 01:24:35.633,1.81346,1.8137,1.50,1.00
2014.08.12 01:24:35.936,1.81349,1.81373,1.50,1.00
2014.08.12 01:24:37.150,1.81352,1.81376,1.50,1.00
2014.08.12 01:24:37.457,1.81356,1.81378,1.00,1.65
2014.08.12 01:24:37.770,1.81365,1.81382,1.00,1.00
2014.08.12 01:24:37.821,1.81367,1.81389,1.00,1.00
2014.08.12 01:24:37.922,1.81363,1.81379,1.00,1.00
2014.08.12 01:24:38.062,1.81358,1.81379,1.00,1.00
2014.08.12 01:24:38.163,1.81352,1.81374,1.00,1.50
2014.08.12 01:24:38.364,1.81352,1.81369,1.00,1.00
2014.08.12 01:24:38.883,1.81351,1.81369,1.00,1.00
2014.08.12 01:24:39.460,1.81353,1.81369,1.00,1.00
2014.08.12 01:24:40.991,1.81354,1.81369,1.00,1.00
2014.08.12 01:24:41.763,1.81352,1.81369,1.10,1.00
2014.08.12 01:24:41.866,1.81352,1.81374,1.00,1.00
2014.08.12 01:24:43.621,1.81352,1.81369,1.00,1.00
2014.08.12 01:24:44.162,1.81352,1.81368,1.00,1.00
2014.08.12 01:24:44.702,1.81352,1.81369,1.00,1.00
2014.08.12 01:24:44.957,1.8135,1.81369,1.50,1.00
2014.08.12 01:24:45.059,1.81352,1.81368,1.00,1.00
2014.08.12 01:24:45.316,1.81352,1.81373,1.00,1.00
2014.08.12 01:24:47.378,1.81353,1.81373,1.00,1.00
2014.08.12 01:24:56.197,1.81354,1.81374,1.00,1.00
2014.08.12 01:24:56.427,1.81354,1.81376,1.00,1.00
2014.08.12 01:25:02.324,1.81354,1.81374,1.00,1.00
2014.08.12 01:25:04.878,1.81348,1.81369,1.65,1.00
2014.08.12 01:25:05.180,1.81351,1.81369,1.00,1.00
2014.08.12 01:25:05.281,1.81351,1.81372,1.00,1.00
2014.08.12 01:25:05.433,1.81354,1.81373,1.00,1.00
2014.08.12 01:25:05.952,1.81353,1.81373,1.00,1.00
2014.08.12 01:25:07.157,1.81351,1.81373,1.00,1.00
2014.08.12 01:25:07.822,1.81352,1.81373,1.00,1.00
2014.08.12 01:25:07.923,1.81353,1.81375,1.00,1.10
2014.08.12 01:25:08.424,1.81352,1.81376,1.50,1.18
2014.08.12 01:25:09.588,1.81352,1.81373,1.00,1.00
2014.08.12 01:25:10.170,1.81352,1.81376,1.50,1.18
2014.08.12 01:25:11.899,1.81352,1.81373,1.00,1.00
2014.08.12 01:25:12.000,1.8135,1.81373,1.00,1.00
2014.08.12 01:25:12.516,1.8135,1.81373,1.00,1.15
2014.08.12 01:25:14.343,1.8135,1.81374,1.00,1.08
2014.08.12 01:25:14.645,1.81355,1.81377,1.00,1.00
2014.08.12 01:25:14.965,1.81353,1.81375,1.00,1.00
2014.08.12 01:25:15.268,1.81351,1.8137,1.00,1.00
2014.08.12 01:25:15.319,1.8135,1.81372,1.00,1.00
2014.08.12 01:25:15.420,1.81352,1.81374,1.00,1.18
2014.08.12 01:25:15.521,1.8135,1.81372,1.00,1.00
2014.08.12 01:25:15.777,1.81346,1.81368,1.00,1.00
2014.08.12 01:25:16.080,1.81348,1.8137,1.00,1.00
2014.08.12 01:25:19.045,1.81349,1.81371,1.00,1.00
2014.08.12 01:25:21.274,1.81346,1.8137,1.00,1.00
2014.08.12 01:25:23.566,1.81345,1.81367,1.00,1.00
2014.08.12 01:25:26.537,1.81347,1.81369,1.00,1.00
2014.08.12 01:25:27.078,1.81348,1.81369,1.00,1.00
2014.08.12 01:25:35.881,1.8135,1.81369,1.00,1.00
2014.08.12 01:25:45.760,1.81347,1.81368,1.00,1.00
2014.08.12 01:25:56.766,1.81349,1.8137,1.00,1.00
2014.08.12 01:26:04.910,1.81348,1.81367,1.00,1.00
2014.08.12 01:26:05.357,1.81345,1.81364,1.00,1.00
2014.08.12 01:26:05.780,1.81342,1.81363,1.00,1.00
2014.08.12 01:26:06.041,1.8134,1.81361,1.00,1.00
2014.08.12 01:26:06.858,1.81341,1.81361,1.00,1.00
2014.08.12 01:26:07.221,1.81343,1.81362,1.00,1.00
2014.08.12 01:26:07.473,1.8134,1.81361,1.00,1.00
2014.08.12 01:26:08.641,1.81339,1.81358,1.00,1.00
2014.08.12 01:26:09.166,1.81342,1.81358,1.00,1.00
2014.08.12 01:26:09.318,1.81342,1.8136,1.00,1.00
2014.08.12 01:26:09.881,1.81341,1.8136,1.00,1.00
2014.08.12 01:26:10.641,1.81337,1.81358,1.50,1.00
2014.08.12 01:26:11.355,1.81342,1.81358,1.00,1.00
2014.08.12 01:26:12.594,1.81339,1.81358,1.00,1.00
2014.08.12 01:26:14.799,1.81336,1.81357,1.50,1.00
2014.08.12 01:26:17.009,1.81336,1.81355,1.50,1.00
2014.08.12 01:26:18.118,1.81338,1.81357,1.00,1.00
2014.08.12 01:26:18.784,1.8134,1.81361,1.00,1.00
2014.08.12 01:26:19.976,1.81338,1.81359,1.00,1.00
2014.08.12 01:26:25.077,1.81342,1.81361,1.00,1.00
2014.08.12 01:26:25.689,1.8134,1.81359,1.00,1.00
2014.08.12 01:26:31.103,1.81342,1.81361,1.00,1.00
2014.08.12 01:26:32.555,1.81341,1.81362,1.00,1.10
2014.08.12 01:26:35.063,1.8134,1.81359,1.00,1.00
2014.08.12 01:26:51.353,1.81342,1.81361,1.00,1.00
2014.08.12 01:26:51.660,1.8134,1.81359,1.00,1.00
2014.08.12 01:26:58.326,1.81341,1.81359,1.00,1.00
2014.08.12 01:27:02.615,1.81342,1.81359,1.00,1.00
2014.08.12 01:27:03.176,1.81341,1.81359,1.00,1.00
2014.08.12 01:27:10.894,1.81342,1.81359,1.00,1.00
2014.08.12 01:27:12.888,1.8134,1.81359,1.00,1.00
2014.08.12 01:27:13.240,1.81337,1.81358,1.50,1.00
2014.08.12 01:27:17.418,1.81341,1.8136,1.00,1.00
2014.08.12 01:27:17.519,1.81339,1.8136,1.00,1.00
2014.08.12 01:27:18.923,1.81339,1.8136,1.00,1.08
2014.08.12 01:27:18.973,1.81337,1.81358,1.00,1.10
2014.08.12 01:27:21.380,1.81336,1.81355,1.00,1.00
2014.08.12 01:27:27.642,1.81333,1.81352,1.00,1.00
2014.08.12 01:27:31.602,1.81335,1.81356,1.00,1.00
2014.08.12 01:27:32.492,1.81335,1.81354,1.00,1.00
2014.08.12 01:27:32.996,1.81334,1.81353,1.00,1.00
2014.08.12 01:27:33.467,1.81332,1.81351,1.00,1.00
2014.08.12 01:27:33.567,1.81329,1.8135,1.00,1.08
2014.08.12 01:27:33.719,1.81333,1.81354,1.00,1.20
2014.08.12 01:27:34.243,1.81335,1.81354,1.00,1.20
2014.08.12 01:27:51.822,1.81333,1.81352,1.00,1.00
2014.08.12 01:27:59.319,1.81335,1.81354,1.00,1.00
2014.08.12 01:28:02.282,1.81332,1.81353,1.00,1.00
2014.08.12 01:28:20.969,1.81335,1.81354,1.00,1.00
2014.08.12 01:28:25.509,1.81335,1.81354,1.00,1.18
2014.08.12 01:28:25.711,1.81333,1.81352,1.00,1.00
2014.08.12 01:28:26.296,1.8133,1.81351,1.00,1.00
2014.08.12 01:28:27.331,1.8133,1.81351,1.00,1.15
2014.08.12 01:28:27.432,1.8133,1.8135,1.00,1.20
2014.08.12 01:28:27.483,1.81326,1.81345,1.00,1.20
2014.08.12 01:28:27.684,1.81323,1.81342,1.00,1.00
2014.08.12 01:28:28.019,1.8132,1.81341,1.00,1.10
2014.08.12 01:28:28.120,1.81317,1.81336,1.00,1.00
2014.08.12 01:28:28.422,1.81319,1.81338,1.00,1.00
2014.08.12 01:28:29.225,1.81321,1.81342,1.00,1.00
2014.08.12 01:28:29.700,1.81319,1.8134,1.00,1.00
2014.08.12 01:28:31.532,1.81314,1.81338,1.13,1.00
2014.08.12 01:28:32.112,1.81315,1.81339,1.00,1.00
2014.08.12 01:28:33.221,1.8132,1.81342,1.00,1.08
2014.08.12 01:28:33.272,1.8132,1.81342,1.00,1.00
2014.08.12 01:28:34.721,1.81323,1.81345,1.38,1.00
2014.08.12 01:28:34.872,1.81331,1.81353,1.00,1.00
2014.08.12 01:28:35.074,1.81334,1.81356,1.00,1.00
2014.08.12 01:28:40.548,1.8133,1.81359,1.38,1.00
2014.08.12 01:28:45.483,1.8133,1.81359,1.45,1.00
2014.08.12 01:28:45.991,1.8133,1.81359,1.95,1.00
2014.08.12 01:28:52.909,1.81329,1.81356,1.50,1.00
2014.08.12 01:28:52.960,1.81327,1.81356,1.00,1.58
2014.08.12 01:28:53.011,1.81323,1.81355,1.18,1.10
2014.08.12 01:28:53.111,1.81321,1.81351,1.95,1.00
2014.08.12 01:28:53.314,1.8133,1.8136,1.13,1.08
2014.08.12 01:28:53.415,1.8133,1.8136,1.53,1.00
2014.08.12 01:28:53.723,1.81328,1.81358,1.88,1.00
2014.08.12 01:28:54.234,1.81328,1.81357,2.63,1.00
2014.08.12 01:28:54.747,1.81332,1.81358,1.20,1.00
2014.08.12 01:29:00.801,1.81329,1.81355,1.10,1.00
2014.08.12 01:29:01.578,1.81325,1.81354,1.58,1.00
2014.08.12 01:29:01.628,1.81325,1.81354,1.08,1.00
2014.08.12 01:29:01.729,1.81325,1.81354,1.00,1.00
2014.08.12 01:29:02.467,1.81327,1.81356,1.00,1.28
2014.08.12 01:29:06.873,1.81324,1.81353,1.00,1.00
2014.08.12 01:29:07.306,1.81327,1.81355,1.00,1.10
2014.08.12 01:29:11.365,1.81323,1.81356,1.55,1.08
2014.08.12 01:29:11.466,1.81324,1.81359,1.45,1.20
2014.08.12 01:29:14.035,1.81324,1.81359,1.08,1.20
2014.08.12 01:29:14.186,1.81324,1.81353,1.08,2.25
2014.08.12 01:29:14.490,1.81316,1.81346,1.58,1.00
2014.08.12 01:29:14.541,1.81316,1.81346,1.00,1.10
2014.08.12 01:29:15.054,1.81314,1.81345,1.45,1.00
2014.08.12 01:29:16.192,1.81314,1.81346,1.45,1.10
2014.08.12 01:29:17.113,1.81316,1.81346,1.00,1.10
2014.08.12 01:29:17.775,1.81315,1.81348,1.20,1.18
2014.08.12 01:29:23.832,1.81315,1.81346,1.48,1.10
2014.08.12 01:29:27.360,1.81311,1.81346,1.95,1.10
2014.08.12 01:29:32.767,1.81316,1.81347,1.20,1.00
2014.08.12 01:29:33.020,1.81314,1.81348,1.38,1.15
2014.08.12 01:29:33.071,1.81314,1.81348,1.88,1.08
2014.08.12 01:29:33.122,1.81315,1.81348,1.20,1.00
2014.08.12 01:29:33.173,1.81317,1.81353,1.53,1.53
2014.08.12 01:29:33.324,1.8132,1.81353,1.20,1.00
2014.08.12 01:29:33.871,1.8132,1.81354,1.95,1.10
2014.08.12 01:29:34.299,1.81323,1.81357,1.20,1.00
2014.08.12 01:29:34.677,1.81326,1.8136,1.18,2.03
2014.08.12 01:29:37.345,1.81323,1.81356,1.20,1.00
2014.08.12 01:29:37.446,1.81319,1.81354,1.88,1.00
2014.08.12 01:29:37.499,1.81318,1.81354,1.85,1.45
2014.08.12 01:29:37.549,1.81318,1.81354,1.18,1.53
2014.08.12 01:29:37.701,1.81318,1.81352,1.18,1.48
2014.08.12 01:29:39.161,1.81316,1.81351,1.18,1.95
2014.08.12 01:29:39.463,1.81311,1.81346,1.53,2.25
2014.08.12 01:29:39.514,1.81312,1.81346,1.20,1.10
2014.08.12 01:29:44.205,1.81312,1.81345,1.20,1.00
2014.08.12 01:29:44.256,1.81311,1.81345,1.83,1.75
2014.08.12 01:29:44.307,1.81311,1.81338,1.08,1.00
2014.08.12 01:29:44.357,1.81307,1.81338,2.10,1.88
2014.08.12 01:29:44.408,1.81304,1.81334,1.58,1.00
2014.08.12 01:29:44.459,1.81304,1.81333,1.08,1.45
2014.08.12 01:29:44.509,1.81304,1.81333,1.00,1.53
2014.08.12 01:29:44.560,1.81304,1.81334,1.00,2.40
2014.08.12 01:29:44.611,1.81296,1.81331,1.50,1.48
2014.08.12 01:29:45.863,1.81297,1.81333,1.58,1.15
2014.08.12 01:29:48.168,1.81309,1.81337,1.50,1.00
2014.08.12 01:29:48.319,1.81314,1.81345,1.50,1.00
2014.08.12 01:29:48.571,1.81314,1.81345,1.58,1.10
2014.08.12 01:29:48.622,1.81314,1.81345,1.18,1.10
2014.08.12 01:29:50.443,1.81311,1.81348,1.58,1.53
2014.08.12 01:29:51.040,1.81311,1.81348,1.58,1.15
2014.08.12 01:29:51.649,1.81311,1.81345,1.50,1.08
2014.08.12 01:29:51.700,1.81311,1.81345,1.00,1.50
2014.08.12 01:29:51.800,1.8131,1.81349,2.25,1.53
2014.08.12 01:29:55.240,1.8131,1.81349,1.00,1.13
2014.08.12 01:29:55.457,1.81302,1.81352,1.00,1.38
2014.08.12 01:29:56.827,1.81299,1.81352,1.00,1.38
2014.08.12 01:29:56.928,1.81301,1.81346,1.00,1.00
2014.08.12 01:29:57.314,1.81305,1.81351,1.00,1.38
2014.08.12 01:29:57.887,1.81305,1.81352,1.00,1.38
2014.08.12 01:29:58.912,1.81304,1.81357,1.00,1.88
2014.08.12 01:29:59.215,1.81301,1.81343,1.00,1.00
2014.08.12 01:29:59.265,1.81302,1.81346,1.00,1.00
2014.08.12 01:29:59.417,1.81302,1.81339,1.00,1.00
2014.08.12 01:29:59.467,1.81298,1.81337,1.00,1.00
2014.08.12 01:29:59.669,1.81298,1.81339,1.00,1.00
2014.08.12 01:29:59.770,1.81299,1.81337,1.00,1.00
2014.08.12 01:29:59.871,1.813,1.81342,1.00,1.00
2014.08.12 01:30:00.173,1.81296,1.81343,1.00,1.00
2014.08.12 01:30:00.224,1.81294,1.81339,1.00,1.00
2014.08.12 01:30:00.425,1.81257,1.81335,1.00,2.03
2014.08.12 01:30:00.476,1.81169,1.81225,1.00,2.03
2014.08.12 01:30:00.526,1.81154,1.81191,1.00,1.00
2014.08.12 01:30:00.577,1.81154,1.81187,1.00,1.50
2014.08.12 01:30:00.728,1.81128,1.81174,1.00,1.50
2014.08.12 01:30:00.779,1.81128,1.81179,1.00,1.20
2014.08.12 01:30:00.835,1.81142,1.81181,1.00,1.50
2014.08.12 01:30:00.886,1.81142,1.81185,1.00,1.50
2014.08.12 01:30:00.992,1.8111,1.81185,1.00,1.50
2014.08.12 01:30:01.042,1.81113,1.81185,1.00,1.50
2014.08.12 01:30:01.345,1.81128,1.81195,1.00,1.30
2014.08.12 01:30:01.647,1.81122,1.81177,1.00,1.50
2014.08.12 01:30:01.697,1.81094,1.81151,1.00,1.00
2014.08.12 01:30:01.748,1.81101,1.81151,1.00,1.00
2014.08.12 01:30:02.062,1.81119,1.81157,1.00,1.00
2014.08.12 01:30:02.113,1.81114,1.8116,1.50,1.00
2014.08.12 01:30:02.214,1.81103,1.81159,1.00,1.00
2014.08.12 01:30:02.416,1.81098,1.81134,1.00,1.00
2014.08.12 01:30:02.467,1.81089,1.81127,1.00,1.00
2014.08.12 01:30:02.568,1.81088,1.8113,1.00,1.00
2014.08.12 01:30:02.619,1.81089,1.81133,1.00,1.00
2014.08.12 01:30:02.720,1.81085,1.81137,1.75,1.00
2014.08.12 01:30:02.823,1.81089,1.81135,1.00,1.00
2014.08.12 01:30:02.924,1.81088,1.81139,1.00,1.00
2014.08.12 01:30:03.025,1.81085,1.81136,1.00,1.00
2014.08.12 01:30:03.332,1.81091,1.81134,1.00,1.00
2014.08.12 01:30:03.382,1.81087,1.81139,1.00,1.50
2014.08.12 01:30:03.433,1.81085,1.81139,1.00,1.00
2014.08.12 01:30:03.483,1.81112,1.8114,1.00,3.00
2014.08.12 01:30:03.584,1.81086,1.81124,1.00,1.00
2014.08.12 01:30:03.685,1.81081,1.81123,1.00,1.00
2014.08.12 01:30:03.736,1.81081,1.81121,1.00,1.00
2014.08.12 01:30:03.938,1.81071,1.8112,1.00,1.00
2014.08.12 01:30:04.039,1.81066,1.81124,1.00,1.00
2014.08.12 01:30:04.190,1.81081,1.81128,1.00,1.80
2014.08.12 01:30:04.492,1.81073,1.8112,1.00,1.00
2014.08.12 01:30:04.593,1.81092,1.81135,1.00,1.50
2014.08.12 01:30:04.918,1.8109,1.81123,1.00,1.00
2014.08.12 01:30:04.969,1.81086,1.81123,1.00,1.00
2014.08.12 01:30:05.134,1.81091,1.81132,1.00,1.00
2014.08.12 01:30:05.185,1.81091,1.81129,1.00,1.00
2014.08.12 01:30:05.236,1.81087,1.81128,1.00,1.00
2014.08.12 01:30:05.336,1.81085,1.81128,1.00,1.00
2014.08.12 01:30:05.467,1.81087,1.81128,1.00,1.00
2014.08.12 01:30:05.972,1.81086,1.81133,1.00,1.00
2014.08.12 01:30:06.073,1.81087,1.8113,1.00,1.00
2014.08.12 01:30:06.123,1.81083,1.8113,1.50,1.00
2014.08.12 01:30:06.174,1.81087,1.81134,1.00,1.50
2014.08.12 01:30:06.476,1.81088,1.81125,1.00,1.00
2014.08.12 01:30:06.678,1.81087,1.81129,1.00,1.00
2014.08.12 01:30:06.779,1.81089,1.8113,1.00,1.00
2014.08.12 01:30:06.829,1.81089,1.81136,1.00,1.50
2014.08.12 01:30:06.880,1.81085,1.81131,1.00,1.50
2014.08.12 01:30:07.289,1.81092,1.81128,1.00,1.00
2014.08.12 01:30:07.390,1.81091,1.8113,1.00,1.00
2014.08.12 01:30:07.491,1.81092,1.81134,1.00,1.00
2014.08.12 01:30:07.592,1.81095,1.81146,1.00,1.00
2014.08.12 01:30:07.693,1.81106,1.81149,1.00,1.00
2014.08.12 01:30:07.744,1.81106,1.81153,1.00,1.00
2014.08.12 01:30:07.795,1.81106,1.81158,1.00,1.08
2014.08.12 01:30:07.946,1.81101,1.81155,1.00,1.50
2014.08.12 01:30:08.047,1.81106,1.81155,1.00,1.50
2014.08.12 01:30:08.350,1.81124,1.8117,1.00,1.00
2014.08.12 01:30:08.652,1.81139,1.81176,1.00,1.00
2014.08.12 01:30:08.957,1.81148,1.8119,1.00,1.30
2014.08.12 01:30:09.260,1.81166,1.81201,1.00,1.17
2014.08.12 01:30:09.360,1.81152,1.81201,1.00,1.17
2014.08.12 01:30:09.411,1.81152,1.81186,1.00,1.00
2014.08.12 01:30:09.512,1.81141,1.81177,1.00,1.00
2014.08.12 01:30:09.613,1.81147,1.81197,1.00,1.00
2014.08.12 01:30:09.713,1.81142,1.81187,1.00,1.00
2014.08.12 01:30:09.764,1.81139,1.81187,1.00,1.00
2014.08.12 01:30:09.865,1.8114,1.8118,1.00,1.00
2014.08.12 01:30:10.017,1.81135,1.81182,1.00,1.00
2014.08.12 01:30:10.118,1.81149,1.81185,1.00,1.00
2014.08.12 01:30:10.219,1.81138,1.81176,1.00,1.00
2014.08.12 01:30:10.320,1.81136,1.81171,1.00,1.50
2014.08.12 01:30:10.370,1.81134,1.81171,1.00,1.50
2014.08.12 01:30:10.421,1.81134,1.81173,1.00,1.00
2014.08.12 01:30:10.522,1.81138,1.81173,1.00,1.00
2014.08.12 01:30:10.623,1.81133,1.81184,1.00,1.00
2014.08.12 01:30:10.774,1.81127,1.81182,1.00,1.00
2014.08.12 01:30:10.824,1.81127,1.81179,1.50,1.00
2014.08.12 01:30:10.978,1.81127,1.81181,1.00,1.00
2014.08.12 01:30:11.079,1.81126,1.81178,1.00,1.00
2014.08.12 01:30:11.381,1.81126,1.81167,1.00,1.00
2014.08.12 01:30:11.684,1.81138,1.81167,1.00,1.00
2014.08.12 01:30:11.734,1.81123,1.81167,1.38,1.00
2014.08.12 01:30:11.844,1.81124,1.81165,1.00,1.13
2014.08.12 01:30:12.389,1.81121,1.81173,1.13,1.38
2014.08.12 01:30:12.490,1.81136,1.81174,1.00,1.38
2014.08.12 01:30:12.591,1.81134,1.81176,1.00,1.38
2014.08.12 01:30:12.794,1.81131,1.81173,1.50,1.00
2014.08.12 01:30:12.895,1.81122,1.81153,1.00,2.03
2014.08.12 01:30:13.097,1.81124,1.81159,1.38,1.50
2014.08.12 01:30:13.255,1.81128,1.81159,1.00,1.50
2014.08.12 01:30:13.407,1.81135,1.81167,1.00,1.13
2014.08.12 01:30:13.458,1.81135,1.81168,1.75,1.05
2014.08.12 01:30:13.559,1.81135,1.8117,1.18,1.38
2014.08.12 01:30:13.659,1.81134,1.81171,1.15,1.80
2014.08.12 01:30:13.710,1.81134,1.81171,2.85,1.08
2014.08.12 01:30:13.761,1.81142,1.81174,1.00,1.28
2014.08.12 01:30:13.812,1.81142,1.81174,1.08,1.20
2014.08.12 01:30:13.863,1.81142,1.81178,1.15,1.15
2014.08.12 01:30:13.913,1.81142,1.81178,1.08,1.83
2014.08.12 01:30:13.964,1.81142,1.81177,1.00,1.50
2014.08.12 01:30:14.015,1.81147,1.81177,1.00,1.50
2014.08.12 01:30:14.166,1.81142,1.81182,1.58,2.25
2014.08.12 01:30:14.217,1.81146,1.81181,2.40,1.08
2014.08.12 01:30:14.267,1.81147,1.81181,1.50,1.00
2014.08.12 01:30:14.318,1.81147,1.81186,1.50,1.15
2014.08.12 01:30:14.469,1.81146,1.81186,1.20,1.83
2014.08.12 01:30:14.520,1.81145,1.81185,1.95,1.50
2014.08.12 01:30:15.023,1.8115,1.81185,1.00,1.50
2014.08.12 01:30:15.326,1.81158,1.8118,1.00,2.03
2014.08.12 01:30:15.427,1.81155,1.81178,1.00,1.50
2014.08.12 01:30:15.478,1.81149,1.81178,1.00,1.50
2014.08.12 01:30:15.529,1.81152,1.81178,1.00,1.50
2014.08.12 01:30:15.832,1.81149,1.81187,1.55,1.50
2014.08.12 01:30:15.882,1.81152,1.8119,2.03,2.10
2014.08.12 01:30:15.933,1.81153,1.81191,1.50,1.18
2014.08.12 01:30:15.984,1.81159,1.81195,1.50,1.20
2014.08.12 01:30:16.034,1.81159,1.81198,1.95,1.45
2014.08.12 01:30:16.247,1.81165,1.81199,1.00,2.13
2014.08.12 01:30:16.554,1.81162,1.81189,1.50,1.50
2014.08.12 01:30:16.807,1.81158,1.81189,1.00,1.50
2014.08.12 01:30:17.059,1.81158,1.81189,1.50,1.50
2014.08.12 01:30:17.160,1.81164,1.81196,1.50,1.50
2014.08.12 01:30:17.210,1.81158,1.81191,1.88,2.03
2014.08.12 01:30:17.513,1.81177,1.81193,1.00,2.03
2014.08.12 01:30:17.614,1.81161,1.81191,1.38,1.50
2014.08.12 01:30:17.815,1.81153,1.81191,1.15,1.50
2014.08.12 01:30:17.967,1.8115,1.81187,1.20,1.08
2014.08.12 01:30:18.017,1.81146,1.81185,3.00,1.15
2014.08.12 01:30:18.169,1.81149,1.81185,1.45,2.10
2014.08.12 01:30:18.219,1.81148,1.81181,1.10,1.15
2014.08.12 01:30:18.521,1.81147,1.81186,1.95,2.10
2014.08.12 01:30:18.572,1.81148,1.81188,1.50,1.50
2014.08.12 01:30:18.622,1.8115,1.81191,2.10,2.78
2014.08.12 01:30:18.673,1.81152,1.81192,1.50,1.50
2014.08.12 01:30:18.724,1.81149,1.8119,2.78,2.10
2014.08.12 01:30:18.774,1.81152,1.81189,1.08,1.50
2014.08.12 01:30:18.825,1.81152,1.8119,1.75,1.83
2014.08.12 01:30:18.875,1.81152,1.8119,1.50,1.15
2014.08.12 01:30:18.976,1.81149,1.81176,2.78,1.00
2014.08.12 01:30:19.027,1.81148,1.81176,1.50,1.00
2014.08.12 01:30:19.077,1.81145,1.81175,2.40,2.03
2014.08.12 01:30:19.128,1.81142,1.81172,1.00,1.50
2014.08.12 01:30:19.229,1.81139,1.81172,1.00,1.50
2014.08.12 01:30:19.279,1.81138,1.81175,1.08,2.78
2014.08.12 01:30:19.330,1.81138,1.81176,1.15,1.50
2014.08.12 01:30:19.481,1.81136,1.81176,1.95,2.78
2014.08.12 01:30:19.531,1.81132,1.81173,2.25,1.50
2014.08.12 01:30:19.906,1.81132,1.81166,1.50,1.00
2014.08.12 01:30:20.108,1.81145,1.81183,1.50,1.08
2014.08.12 01:30:20.159,1.81145,1.81183,1.20,1.75
2014.08.12 01:30:20.209,1.81141,1.81183,1.20,1.50
2014.08.12 01:30:20.260,1.81139,1.81177,1.58,1.13
2014.08.12 01:30:20.563,1.8113,1.81166,1.50,1.10
2014.08.12 01:30:20.613,1.81133,1.81162,1.08,1.75
2014.08.12 01:30:20.765,1.81141,1.81181,1.50,1.95
2014.08.12 01:30:21.218,1.81155,1.81183,1.00,1.50
2014.08.12 01:30:21.268,1.81155,1.81186,1.08,2.78
2014.08.12 01:30:21.319,1.81155,1.81193,1.08,1.50
2014.08.12 01:30:21.370,1.81159,1.81195,1.13,1.83
2014.08.12 01:30:21.420,1.8116,1.81199,1.28,1.20
2014.08.12 01:30:21.471,1.81161,1.81201,2.10,1.20
2014.08.12 01:30:21.521,1.81162,1.81202,1.50,1.20
2014.08.12 01:30:21.572,1.81162,1.81201,1.20,2.10
2014.08.12 01:30:21.623,1.8116,1.812,1.20,1.50
2014.08.12 01:30:22.229,1.81163,1.812,1.83,1.50
2014.08.12 01:30:22.380,1.81173,1.81204,1.00,1.88
2014.08.12 01:30:22.481,1.81175,1.81205,1.00,1.20
2014.08.12 01:30:22.532,1.81175,1.81209,1.00,1.50
2014.08.12 01:30:22.582,1.81175,1.81212,1.75,2.03
2014.08.12 01:30:22.633,1.81176,1.81214,1.58,1.18
2014.08.12 01:30:23.086,1.81176,1.81208,1.58,1.00
2014.08.12 01:30:23.398,1.81179,1.81208,1.50,1.00
2014.08.12 01:30:23.500,1.81175,1.81206,1.00,1.50
2014.08.12 01:30:23.878,1.81176,1.81206,1.38,1.50
2014.08.12 01:30:24.080,1.81177,1.81208,1.00,1.50
2014.08.12 01:30:24.130,1.81176,1.81202,1.00,2.03
2014.08.12 01:30:24.282,1.81173,1.81204,1.00,1.65
2014.08.12 01:30:24.332,1.81184,1.81208,1.00,1.58
2014.08.12 01:30:24.383,1.81184,1.81212,1.00,1.20
2014.08.12 01:30:24.585,1.81184,1.81219,1.10,1.88
2014.08.12 01:30:25.038,1.81186,1.81219,1.00,1.50
2014.08.12 01:30:25.830,1.81186,1.81207,1.00,2.03
2014.08.12 01:30:25.931,1.81183,1.81206,1.00,1.50
2014.08.12 01:30:25.982,1.81183,1.81205,1.00,1.08
2014.08.12 01:30:26.083,1.81172,1.81205,1.20,1.50
2014.08.12 01:30:26.184,1.81174,1.81205,3.60,1.00
2014.08.12 01:30:26.285,1.81177,1.81209,2.63,1.00
2014.08.12 01:30:26.386,1.8118,1.81214,1.15,1.15
2014.08.12 01:30:26.547,1.8118,1.81214,1.53,1.15
2014.08.12 01:30:26.849,1.81191,1.81215,1.85,1.00
2014.08.12 01:30:26.900,1.81187,1.81215,2.25,1.00
2014.08.12 01:30:27.001,1.81187,1.81216,1.00,1.18
2014.08.12 01:30:27.052,1.81183,1.81213,1.00,1.50
2014.08.12 01:30:27.153,1.81179,1.81209,1.38,1.20
2014.08.12 01:30:27.254,1.81179,1.81209,1.00,1.20
2014.08.12 01:30:27.405,1.81179,1.81209,1.00,1.85
2014.08.12 01:30:27.506,1.81179,1.81209,1.00,1.58
2014.08.12 01:30:27.614,1.81175,1.81205,1.53,1.00
2014.08.12 01:30:27.715,1.81172,1.81197,1.08,1.00
2014.08.12 01:30:27.765,1.81169,1.81197,1.15,1.00
2014.08.12 01:30:27.917,1.81172,1.81202,1.08,1.08
2014.08.12 01:30:28.018,1.81175,1.81203,1.00,1.10
2014.08.12 01:30:28.119,1.81177,1.81207,1.00,1.58
2014.08.12 01:30:28.422,1.8117,1.81197,1.00,1.50
2014.08.12 01:30:28.472,1.81162,1.81192,1.00,1.08
2014.08.12 01:30:28.580,1.81162,1.81192,1.08,1.00
2014.08.12 01:30:29.036,1.81162,1.81192,1.00,1.10
2014.08.12 01:30:29.550,1.81166,1.81194,1.00,1.15
2014.08.12 01:30:29.601,1.81166,1.81194,1.00,1.00
2014.08.12 01:30:30.127,1.81162,1.8119,1.58,1.50
2014.08.12 01:30:30.429,1.81159,1.81186,1.50,1.50
2014.08.12 01:30:30.732,1.8116,1.81187,1.00,1.58
2014.08.12 01:30:30.833,1.81161,1.81191,1.00,1.18
2014.08.12 01:30:31.135,1.81161,1.81191,1.08,1.08
2014.08.12 01:30:31.186,1.81161,1.81191,1.58,1.00
2014.08.12 01:30:31.387,1.81178,1.81199,2.03,1.00
2014.08.12 01:30:31.438,1.8119,1.81203,1.50,1.00
2014.08.12 01:30:31.539,1.81182,1.81205,2.70,1.00
2014.08.12 01:30:31.590,1.81182,1.81207,2.70,1.00
2014.08.12 01:30:31.691,1.81186,1.81216,1.10,1.08
2014.08.12 01:30:31.741,1.81186,1.81216,1.00,1.83
2014.08.12 01:30:31.893,1.81184,1.81214,1.00,1.15
2014.08.12 01:30:32.199,1.81178,1.81206,1.15,1.00
2014.08.12 01:30:32.502,1.81164,1.81188,1.50,1.50
2014.08.12 01:30:32.602,1.81164,1.81189,1.00,1.15
2014.08.12 01:30:32.955,1.81161,1.81186,1.18,1.00
2014.08.12 01:30:33.106,1.81165,1.81192,1.08,1.00
2014.08.12 01:30:33.207,1.81163,1.8119,1.00,1.00
2014.08.12 01:30:33.702,1.81163,1.8119,1.00,1.15
2014.08.12 01:30:36.481,1.81162,1.81187,1.00,1.00
2014.08.12 01:30:38.460,1.81164,1.81191,1.00,1.15
2014.08.12 01:30:38.561,1.81164,1.81191,1.00,1.00
2014.08.12 01:30:40.347,1.81168,1.81194,1.00,1.18
2014.08.12 01:30:40.448,1.81177,1.81202,1.00,2.40
2014.08.12 01:30:40.650,1.81173,1.812,1.38,1.00
2014.08.12 01:30:40.801,1.81173,1.812,1.00,1.00
2014.08.12 01:30:40.902,1.81171,1.81198,1.00,1.00
2014.08.12 01:30:41.208,1.81169,1.81194,1.00,1.00
2014.08.12 01:30:42.331,1.81169,1.81194,1.08,1.10
2014.08.12 01:30:42.432,1.81173,1.81197,1.00,1.00
2014.08.12 01:30:42.483,1.81173,1.81199,1.00,1.00
2014.08.12 01:30:42.534,1.81177,1.81202,1.00,1.10
2014.08.12 01:30:42.887,1.8117,1.81195,1.08,1.08
2014.08.12 01:30:43.139,1.81173,1.812,1.00,1.00
2014.08.12 01:30:43.190,1.81171,1.81198,1.00,1.00
2014.08.12 01:30:43.554,1.81174,1.81199,1.00,1.00
2014.08.12 01:30:44.190,1.81174,1.81199,1.38,1.00
2014.08.12 01:30:44.711,1.81174,1.81199,1.48,1.00
2014.08.12 01:30:44.761,1.81176,1.81203,1.00,1.00
2014.08.12 01:30:45.077,1.81174,1.81199,1.18,1.00
2014.08.12 01:30:45.380,1.8118,1.81202,1.00,1.00
2014.08.12 01:30:45.682,1.81176,1.81198,1.13,1.00
2014.08.12 01:30:46.729,1.81182,1.81206,1.00,1.10
2014.08.12 01:30:46.931,1.81175,1.81199,1.88,1.00
2014.08.12 01:30:47.233,1.81172,1.81194,1.20,1.00
2014.08.12 01:30:47.284,1.81175,1.81199,1.38,1.00
2014.08.12 01:30:47.385,1.81179,1.81201,1.00,1.00
2014.08.12 01:30:47.911,1.81176,1.812,1.18,1.00
2014.08.12 01:30:48.164,1.81179,1.81201,1.00,1.10
2014.08.12 01:30:48.365,1.81181,1.81205,1.00,1.10
2014.08.12 01:30:50.683,1.81178,1.81202,1.00,1.00
2014.08.12 01:30:50.986,1.81172,1.81194,1.00,1.00
2014.08.12 01:30:51.371,1.8117,1.81192,1.00,1.00
2014.08.12 01:30:52.903,1.81173,1.81195,1.00,1.08
2014.08.12 01:30:53.208,1.81169,1.81191,1.00,1.00
2014.08.12 01:30:53.309,1.81166,1.81188,1.00,1.00
2014.08.12 01:30:54.114,1.81163,1.81187,1.00,1.00
2014.08.12 01:30:56.712,1.81167,1.81189,1.00,1.00
2014.08.12 01:30:57.014,1.81165,1.81187,1.00,1.00
2014.08.12 01:30:58.121,1.81165,1.81187,1.08,1.00
2014.08.12 01:30:58.172,1.81167,1.81191,1.00,1.00
2014.08.12 01:30:59.146,1.81169,1.81193,1.00,1.00
2014.08.12 01:31:06.581,1.81169,1.81193,1.00,1.08
2014.08.12 01:31:06.940,1.81167,1.81191,1.00,1.10
2014.08.12 01:31:06.990,1.81167,1.81191,1.00,1.08
2014.08.12 01:31:07.520,1.81165,1.81187,1.08,1.00
2014.08.12 01:31:07.621,1.81168,1.8119,1.10,1.00
2014.08.12 01:31:07.722,1.81171,1.81193,1.00,1.00
2014.08.12 01:31:08.027,1.81174,1.81196,1.00,1.00
2014.08.12 01:31:08.079,1.81179,1.81203,1.00,1.10
2014.08.12 01:31:08.281,1.81182,1.81206,1.00,1.00
2014.08.12 01:31:10.817,1.81182,1.81206,1.08,1.00
2014.08.12 01:31:11.178,1.81181,1.81205,1.65,1.00
2014.08.12 01:31:11.229,1.81185,1.81209,1.38,1.00
2014.08.12 01:31:11.734,1.81186,1.81208,1.00,1.00
2014.08.12 01:31:12.137,1.81186,1.81208,1.38,1.00
2014.08.12 01:31:12.238,1.81188,1.81212,1.13,1.00
2014.08.12 01:31:12.339,1.81191,1.81215,1.00,1.00
2014.08.12 01:31:13.773,1.81187,1.81211,1.58,1.00
2014.08.12 01:31:13.876,1.8119,1.81214,1.38,1.00
2014.08.12 01:31:14.588,1.8119,1.81214,1.13,1.00
2014.08.12 01:31:15.105,1.8119,1.81214,1.38,1.00
2014.08.12 01:31:15.308,1.81194,1.81216,1.00,1.00
2014.08.12 01:31:15.925,1.81194,1.81216,1.00,1.50
2014.08.12 01:31:15.976,1.8119,1.81212,1.00,1.10
2014.08.12 01:31:16.077,1.81187,1.81211,1.00,1.00
2014.08.12 01:31:17.287,1.81184,1.81208,1.00,1.00
2014.08.12 01:31:17.591,1.81192,1.81211,1.00,1.00
2014.08.12 01:31:17.742,1.81191,1.81213,1.00,1.10
2014.08.12 01:31:17.843,1.81189,1.81211,1.00,1.00
2014.08.12 01:31:18.148,1.81186,1.81207,1.00,1.00
2014.08.12 01:31:18.198,1.81184,1.81206,1.00,1.00
2014.08.12 01:31:18.249,1.81184,1.81206,1.00,1.08
2014.08.12 01:31:18.300,1.8118,1.81204,1.38,1.20
2014.08.12 01:31:18.401,1.81179,1.81201,1.38,1.00
2014.08.12 01:31:18.754,1.8118,1.81204,1.00,1.20
2014.08.12 01:31:19.486,1.81179,1.81201,1.00,1.00
2014.08.12 01:31:20.727,1.81181,1.81203,1.00,1.00
2014.08.12 01:31:21.283,1.8118,1.81204,1.00,1.20
2014.08.12 01:31:23.169,1.81189,1.81204,1.00,1.20
2014.08.12 01:31:23.270,1.81192,1.81216,1.00,1.60
2014.08.12 01:31:23.472,1.81182,1.81206,1.00,1.00
2014.08.12 01:31:23.674,1.8118,1.81202,1.00,1.00
2014.08.12 01:31:26.138,1.8118,1.81202,1.00,1.08
2014.08.12 01:31:26.189,1.81177,1.81199,1.00,1.20
2014.08.12 01:31:26.441,1.81173,1.81196,1.00,1.00
2014.08.12 01:31:26.492,1.81173,1.81196,1.00,1.20
2014.08.12 01:31:26.643,1.81164,1.81186,1.50,1.00
2014.08.12 01:31:26.744,1.81164,1.81183,1.00,1.00
2014.08.12 01:31:26.998,1.81161,1.81183,1.00,1.00
2014.08.12 01:31:27.315,1.81164,1.81183,1.00,1.00
2014.08.12 01:31:27.520,1.81161,1.81183,1.00,1.00
2014.08.12 01:31:30.185,1.81163,1.81187,1.00,1.00
2014.08.12 01:31:32.656,1.81163,1.81187,1.18,1.00
2014.08.12 01:31:32.970,1.81173,1.81196,1.00,1.30
2014.08.12 01:31:33.293,1.81177,1.81197,1.00,1.08
2014.08.12 01:31:33.495,1.81167,1.81191,1.00,1.00
2014.08.12 01:31:34.023,1.81164,1.81186,1.18,1.00
2014.08.12 01:31:34.074,1.81164,1.81186,1.00,1.00
2014.08.12 01:31:34.647,1.81174,1.81186,1.00,1.00
2014.08.12 01:31:34.698,1.81174,1.81189,1.00,1.00
2014.08.12 01:31:34.799,1.81175,1.81199,1.00,1.60
2014.08.12 01:31:34.900,1.81172,1.81194,1.00,1.00
2014.08.12 01:31:35.101,1.81166,1.8119,1.00,1.00
2014.08.12 01:31:35.253,1.81163,1.81187,1.00,1.00
2014.08.12 01:31:35.862,1.81164,1.81187,1.00,1.00
2014.08.12 01:31:36.174,1.81167,1.81189,1.00,1.00
2014.08.12 01:31:37.193,1.81164,1.81186,1.00,1.00
2014.08.12 01:31:41.608,1.81164,1.81186,1.08,1.00
2014.08.12 01:31:42.937,1.81162,1.81184,1.15,1.00
2014.08.12 01:31:42.988,1.81162,1.81184,1.00,1.00
2014.08.12 01:31:43.807,1.81159,1.81181,1.00,1.00
2014.08.12 01:31:44.156,1.81155,1.81179,1.00,1.00
2014.08.12 01:31:44.925,1.81155,1.81179,1.20,1.00
2014.08.12 01:31:45.026,1.8116,1.81184,1.00,1.00
2014.08.12 01:31:45.246,1.81163,1.81187,1.10,1.00
2014.08.12 01:31:45.576,1.81165,1.81189,1.00,1.00
2014.08.12 01:31:46.123,1.81165,1.81189,1.00,1.15
2014.08.12 01:31:47.551,1.81161,1.81185,1.00,1.00
2014.08.12 01:31:53.271,1.81165,1.81187,1.00,1.00
2014.08.12 01:32:00.915,1.81165,1.81185,1.00,1.83
2014.08.12 01:32:01.067,1.8115,1.81173,1.00,1.00
2014.08.12 01:32:01.168,1.81153,1.81168,1.00,1.00
2014.08.12 01:32:01.319,1.81153,1.81171,1.00,1.00
2014.08.12 01:32:02.598,1.81156,1.81171,1.00,1.00
2014.08.12 01:32:02.749,1.8116,1.81176,1.00,1.00
2014.08.12 01:32:02.950,1.81157,1.81177,1.00,1.38
2014.08.12 01:32:03.001,1.81157,1.81175,1.00,1.20
2014.08.12 01:32:03.052,1.8115,1.81172,1.00,1.18
2014.08.12 01:32:03.153,1.81149,1.81166,1.00,1.00
2014.08.12 01:32:03.469,1.81144,1.81166,1.50,1.00
2014.08.12 01:32:04.136,1.81142,1.81162,1.00,1.00
2014.08.12 01:32:04.801,1.81141,1.81162,1.00,1.00
2014.08.12 01:32:05.157,1.81136,1.81158,1.00,1.00
2014.08.12 01:32:05.467,1.81136,1.81156,1.00,1.38
2014.08.12 01:32:05.619,1.81127,1.8115,1.00,1.10
2014.08.12 01:32:05.669,1.81127,1.8115,1.00,1.95
2014.08.12 01:32:05.720,1.81119,1.81143,1.00,1.00
2014.08.12 01:32:05.821,1.81117,1.81139,1.65,1.00
2014.08.12 01:32:06.363,1.81113,1.81137,1.18,1.00
2014.08.12 01:32:06.464,1.81111,1.81133,1.10,1.00
2014.08.12 01:32:07.018,1.81107,1.81131,1.58,1.00
2014.08.12 01:32:07.472,1.81107,1.81127,1.00,1.00
2014.08.12 01:32:08.119,1.81105,1.81127,1.50,1.00
2014.08.12 01:32:08.321,1.811,1.81127,1.38,1.00
2014.08.12 01:32:08.371,1.811,1.81127,1.38,1.08
2014.08.12 01:32:08.675,1.81095,1.81122,1.58,1.08
2014.08.12 01:32:08.725,1.81095,1.81122,1.65,1.50
2014.08.12 01:32:08.776,1.81095,1.81117,1.15,1.00
2014.08.12 01:32:08.827,1.81095,1.81117,1.00,1.00
2014.08.12 01:32:08.878,1.81093,1.81116,1.00,1.13
2014.08.12 01:32:09.130,1.81089,1.81116,1.08,1.00
2014.08.12 01:32:09.180,1.81089,1.81116,1.53,1.00
2014.08.12 01:32:09.231,1.81099,1.81121,1.00,1.00
2014.08.12 01:32:09.332,1.81099,1.81124,1.50,1.00
2014.08.12 01:32:09.534,1.81095,1.8112,1.55,1.00
2014.08.12 01:32:10.756,1.81098,1.81123,1.00,1.00
2014.08.12 01:32:11.379,1.81098,1.81123,1.00,1.38
2014.08.12 01:32:11.431,1.81093,1.8112,1.08,1.00
2014.08.12 01:32:11.481,1.81093,1.81117,1.00,1.13
2014.08.12 01:32:11.583,1.81088,1.81113,1.00,1.00
2014.08.12 01:32:12.288,1.81086,1.81116,1.18,1.50
2014.08.12 01:32:12.490,1.81086,1.81115,1.00,1.18
2014.08.12 01:32:12.792,1.81084,1.81112,1.10,1.00
2014.08.12 01:32:13.095,1.81084,1.8111,1.10,1.00
2014.08.12 01:32:13.146,1.81084,1.81112,1.10,1.00
2014.08.12 01:32:13.700,1.81084,1.8111,1.00,1.00
2014.08.12 01:32:14.357,1.81084,1.81112,1.00,1.28
2014.08.12 01:32:14.664,1.81087,1.81114,2.25,1.00
2014.08.12 01:32:14.715,1.8109,1.81117,2.25,1.00
2014.08.12 01:32:14.815,1.81091,1.81119,1.65,1.00
2014.08.12 01:32:14.916,1.81094,1.81124,1.38,1.58
2014.08.12 01:32:15.017,1.81094,1.81121,1.00,1.00
2014.08.12 01:32:15.320,1.81088,1.81118,1.00,1.08
2014.08.12 01:32:15.371,1.81085,1.81113,1.55,1.00
2014.08.12 01:32:15.681,1.81084,1.8111,1.38,1.00
2014.08.12 01:32:15.941,1.81086,1.81113,1.00,1.00
2014.08.12 01:32:15.991,1.81086,1.81113,1.00,1.08
2014.08.12 01:32:16.092,1.8108,1.81108,1.50,1.00
2014.08.12 01:32:16.609,1.8108,1.81108,1.00,1.00
2014.08.12 01:32:16.660,1.8108,1.81108,1.08,1.00
2014.08.12 01:32:16.711,1.81085,1.81113,1.50,1.10
2014.08.12 01:32:16.917,1.81087,1.81115,1.00,1.15
2014.08.12 01:32:17.119,1.81087,1.81115,1.10,1.00
2014.08.12 01:32:17.635,1.81087,1.81114,1.00,1.50
2014.08.12 01:32:18.145,1.81086,1.81114,1.00,1.10
2014.08.12 01:32:18.556,1.81084,1.81114,1.00,2.33
2014.08.12 01:32:18.657,1.81083,1.81113,1.58,1.00
2014.08.12 01:32:19.174,1.81083,1.81113,1.45,1.00
2014.08.12 01:32:19.225,1.81087,1.81113,1.00,1.00
2014.08.12 01:32:19.426,1.81087,1.81115,1.58,1.00
2014.08.12 01:32:19.796,1.8109,1.8112,1.00,2.40
2014.08.12 01:32:19.897,1.81087,1.81117,1.58,1.00
2014.08.12 01:32:20.099,1.81084,1.81114,2.33,1.00
2014.08.12 01:32:20.265,1.81084,1.81114,1.50,1.18
2014.08.12 01:32:20.771,1.81086,1.81114,1.00,1.18
2014.08.12 01:32:21.074,1.81086,1.81114,1.48,1.00
2014.08.12 01:32:21.175,1.81092,1.81116,1.75,1.00
2014.08.12 01:32:21.226,1.81092,1.8112,1.75,1.00
2014.08.12 01:32:21.327,1.81099,1.81125,1.50,1.50
2014.08.12 01:32:21.378,1.81099,1.81125,2.25,1.00
2014.08.12 01:32:21.429,1.81103,1.81123,1.13,1.00
2014.08.12 01:32:21.630,1.81103,1.81131,1.88,1.08
2014.08.12 01:32:21.832,1.81103,1.81131,1.88,1.08
2014.08.12 01:32:22.084,1.81103,1.8113,1.00,1.10
2014.08.12 01:32:22.286,1.81101,1.81129,1.00,1.00
2014.08.12 01:32:22.387,1.81101,1.81124,1.00,1.00
2014.08.12 01:32:22.437,1.81097,1.81121,1.00,1.00
2014.08.12 01:32:22.488,1.81097,1.81121,1.00,1.08
2014.08.12 01:32:22.538,1.8109,1.81118,1.38,1.00
2014.08.12 01:32:22.639,1.81095,1.81115,1.13,1.00
2014.08.12 01:32:22.841,1.81095,1.81117,1.13,1.00
2014.08.12 01:32:23.143,1.81091,1.81117,1.38,1.08
2014.08.12 01:32:23.295,1.81089,1.81117,1.13,1.15
2014.08.12 01:32:23.751,1.81087,1.81115,1.00,1.20
2014.08.12 01:32:23.955,1.8109,1.81119,1.00,2.25
2014.08.12 01:32:24.259,1.8109,1.81119,1.38,2.25
2014.08.12 01:32:24.468,1.8109,1.81119,1.00,2.25
2014.08.12 01:32:24.923,1.81092,1.81119,1.00,2.25
2014.08.12 01:32:25.488,1.81095,1.81119,1.00,1.50
2014.08.12 01:32:25.589,1.81093,1.81119,1.00,1.50
2014.08.12 01:32:25.691,1.81096,1.81119,1.00,1.50
2014.08.12 01:32:25.959,1.81095,1.8112,1.00,1.18
2014.08.12 01:32:26.471,1.81092,1.8112,1.50,1.18
2014.08.12 01:32:27.384,1.81092,1.8112,1.58,1.00
2014.08.12 01:32:27.935,1.81093,1.8112,1.00,1.00
2014.08.12 01:32:29.442,1.81095,1.8112,1.00,1.00
2014.08.12 01:32:29.594,1.81096,1.81123,1.10,1.00
2014.08.12 01:32:29.896,1.81094,1.81119,1.00,1.00
2014.08.12 01:32:29.997,1.81096,1.81123,1.00,1.10
2014.08.12 01:32:30.554,1.81093,1.8112,1.00,1.00
2014.08.12 01:32:31.118,1.81093,1.8112,1.38,1.00
2014.08.12 01:32:31.847,1.81093,1.8112,1.00,1.00
2014.08.12 01:32:32.200,1.81096,1.8112,1.00,1.20
2014.08.12 01:32:32.653,1.81098,1.81123,1.00,1.00
2014.08.12 01:32:32.855,1.81099,1.81126,1.00,1.10
2014.08.12 01:32:33.006,1.81099,1.81126,1.18,1.00
2014.08.12 01:32:33.208,1.81102,1.81129,1.00,1.00
2014.08.12 01:32:33.630,1.811,1.81125,1.08,1.00
2014.08.12 01:32:33.933,1.81096,1.81122,1.00,1.15
2014.08.12 01:32:34.392,1.81092,1.81119,1.00,1.10
2014.08.12 01:32:34.544,1.81088,1.81115,1.38,1.00
2014.08.12 01:32:34.594,1.81088,1.81115,1.00,1.00
2014.08.12 01:32:34.645,1.81091,1.81112,1.00,1.00
2014.08.12 01:32:34.746,1.81089,1.81112,1.00,1.00
2014.08.12 01:32:35.941,1.8109,1.81115,1.00,1.00
2014.08.12 01:32:38.611,1.81086,1.81113,1.08,1.00
2014.08.12 01:32:39.119,1.81086,1.81113,1.00,1.00
2014.08.12 01:32:40.773,1.81088,1.81113,1.00,1.00
2014.08.12 01:32:40.874,1.81086,1.81113,1.50,1.00
2014.08.12 01:32:43.185,1.81086,1.81113,1.00,1.08
2014.08.12 01:32:43.337,1.81085,1.8111,1.00,1.00
2014.08.12 01:32:43.639,1.8109,1.81113,1.00,1.15
2014.08.12 01:32:44.411,1.81088,1.81113,1.00,1.15
2014.08.12 01:32:44.917,1.81087,1.81112,1.50,1.18
2014.08.12 01:32:45.426,1.81087,1.81112,1.50,1.00
2014.08.12 01:32:45.527,1.81091,1.81118,1.00,1.58
2014.08.12 01:32:45.729,1.81089,1.81114,1.00,1.10
2014.08.12 01:32:45.981,1.8109,1.81112,1.00,1.00
2014.08.12 01:32:48.355,1.81091,1.81112,1.00,1.00
2014.08.12 01:32:48.506,1.81092,1.81116,1.00,1.00
2014.08.12 01:32:48.607,1.81091,1.81113,1.00,1.00
2014.08.12 01:32:48.909,1.81092,1.81116,1.00,1.00
2014.08.12 01:32:51.613,1.81092,1.81116,1.88,1.00
2014.08.12 01:32:51.915,1.81103,1.81127,1.50,1.10
2014.08.12 01:32:55.189,1.81107,1.81129,1.00,1.18
2014.08.12 01:32:55.492,1.8112,1.81142,1.00,1.08
2014.08.12 01:32:55.542,1.81123,1.81143,1.00,1.35
2014.08.12 01:32:55.593,1.81123,1.81145,1.00,2.25
2014.08.12 01:32:55.644,1.81123,1.81141,1.00,1.00
2014.08.12 01:32:55.745,1.8112,1.81141,1.10,1.00
2014.08.12 01:32:55.896,1.81118,1.8114,1.00,1.50
2014.08.12 01:32:56.765,1.81118,1.8114,1.00,1.15
2014.08.12 01:32:56.865,1.81115,1.81137,1.00,1.20
2014.08.12 01:32:57.623,1.81117,1.81141,1.00,1.50
2014.08.12 01:32:57.724,1.8112,1.81141,1.00,1.00
2014.08.12 01:32:58.274,1.8112,1.81142,1.00,1.50
2014.08.12 01:33:00.243,1.81122,1.81145,1.00,1.00
2014.08.12 01:33:00.759,1.81122,1.81144,1.00,1.00
2014.08.12 01:33:02.399,1.81122,1.81141,1.00,1.00
2014.08.12 01:33:02.503,1.81122,1.81144,1.00,1.50
2014.08.12 01:33:02.604,1.81127,1.81146,1.00,1.00
2014.08.12 01:33:02.811,1.81129,1.81153,1.00,1.88
2014.08.12 01:33:02.963,1.81129,1.81151,1.00,1.00
2014.08.12 01:33:03.014,1.81127,1.81151,1.00,1.50
2014.08.12 01:33:03.623,1.81127,1.81149,1.00,1.00
2014.08.12 01:33:03.928,1.81132,1.81153,1.00,1.00
2014.08.12 01:33:04.393,1.81132,1.81149,1.00,1.00
2014.08.12 01:33:04.596,1.81123,1.81147,1.05,1.20
2014.08.12 01:33:04.647,1.81127,1.81149,1.00,1.15
2014.08.12 01:33:04.900,1.81123,1.81147,1.05,1.20
2014.08.12 01:33:05.310,1.81125,1.81147,1.00,1.20
2014.08.12 01:33:06.087,1.81125,1.81147,1.00,1.18
2014.08.12 01:33:07.261,1.81125,1.81147,1.00,1.10
2014.08.12 01:33:07.765,1.81122,1.81143,1.80,1.00
2014.08.12 01:33:08.117,1.81122,1.81138,1.00,1.00
2014.08.12 01:33:08.269,1.81118,1.81138,1.00,1.00
2014.08.12 01:33:08.370,1.81118,1.81142,1.00,1.00
2014.08.12 01:33:08.832,1.81121,1.81144,1.00,1.00
2014.08.12 01:33:09.034,1.81123,1.81147,1.00,1.00
2014.08.12 01:33:09.085,1.81126,1.81149,1.00,1.00
2014.08.12 01:33:09.186,1.81128,1.81152,1.00,1.20
2014.08.12 01:33:09.287,1.81131,1.81153,1.00,1.00
2014.08.12 01:33:09.388,1.81128,1.81152,1.00,1.00
2014.08.12 01:33:09.590,1.81126,1.8115,1.00,1.00
2014.08.12 01:33:10.195,1.81126,1.8115,1.00,1.08
2014.08.12 01:33:10.699,1.81124,1.81146,1.05,1.00
2014.08.12 01:33:15.135,1.81122,1.81144,1.30,1.00
2014.08.12 01:33:15.337,1.81119,1.81141,1.00,1.00
2014.08.12 01:33:15.438,1.81116,1.8114,1.00,1.00
