2013.04.03 23:00:00.501,1.44772,1.44812,1.65,2.07
2013.04.03 23:00:01.100,1.44772,1.44801,1.13,1.28
2013.04.03 23:00:01.400,1.44772,1.44802,1.13,1.28
2013.04.03 23:00:01.460,1.44772,1.44807,1.13,1.50
2013.04.03 23:00:01.761,1.44768,1.44797,1.13,1.50
2013.04.03 23:00:02.181,1.44762,1.448,1.13,2.40
2013.04.03 23:00:02.360,1.44762,1.448,1.13,2.40
2013.04.03 23:00:02.910,1.44762,1.44799,1.13,1.65
2013.04.03 23:00:03.651,1.44757,1.44797,1.13,1.65
2013.04.03 23:00:03.910,1.44757,1.44793,1.13,1.13
2013.04.03 23:00:04.500,1.44757,1.44793,1.13,1.13
2013.04.03 23:00:04.620,1.44756,1.44793,1.13,1.13
2013.04.03 23:00:05.160,1.44754,1.4479,1.13,1.13
2013.04.03 23:00:05.700,1.44756,1.44793,1.13,1.13
2013.04.03 23:00:06.627,1.44756,1.44793,1.13,1.13
2013.04.03 23:00:07.220,1.44756,1.44793,1.13,1.13
2013.04.03 23:00:09.202,1.44757,1.44791,1.13,1.13
2013.04.03 23:00:10.030,1.44756,1.44792,1.13,1.50
2013.04.03 23:00:10.160,1.44756,1.44792,1.13,1.50
2013.04.03 23:00:10.341,1.44752,1.44791,1.13,1.13
2013.04.03 23:00:10.940,1.44752,1.44791,1.13,1.65
2013.04.03 23:00:11.357,1.44748,1.44782,1.13,1.13
2013.04.03 23:00:11.921,1.4475,1.44782,1.80,1.13
2013.04.03 23:00:14.553,1.44749,1.44785,1.13,1.13
2013.04.03 23:00:14.910,1.44749,1.44785,1.13,1.13
2013.04.03 23:00:15.440,1.44749,1.44785,1.13,1.13
2013.04.03 23:00:17.189,1.44749,1.44785,1.13,1.13
2013.04.03 23:00:18.190,1.44749,1.44784,1.80,1.13
2013.04.03 23:00:18.771,1.44749,1.44784,1.80,1.13
2013.04.03 23:00:19.231,1.44751,1.44786,1.80,1.13
2013.04.03 23:00:19.411,1.44751,1.4479,1.80,1.88
2013.04.03 23:00:20.810,1.44757,1.44789,1.13,1.13
2013.04.03 23:00:22.680,1.44751,1.44789,1.13,1.88
2013.04.03 23:00:23.100,1.4475,1.44785,1.13,1.13
2013.04.03 23:00:23.720,1.44749,1.44781,1.13,1.13
2013.04.03 23:00:25.830,1.44753,1.44786,1.80,1.13
2013.04.03 23:00:26.461,1.44752,1.44787,1.13,1.13
2013.04.03 23:00:26.790,1.44751,1.44787,1.80,1.13
2013.04.03 23:00:27.410,1.44751,1.44784,1.80,1.13
2013.04.03 23:00:32.060,1.44753,1.44786,1.80,1.13
2013.04.03 23:00:32.620,1.44753,1.44789,1.80,1.13
2013.04.03 23:00:36.901,1.44753,1.44789,1.80,1.13
2013.04.03 23:00:41.172,1.44753,1.4479,2.18,1.65
2013.04.03 23:00:41.730,1.44753,1.44787,1.13,1.13
2013.04.03 23:00:44.770,1.4475,1.44786,2.55,1.13
2013.04.03 23:00:53.150,1.44751,1.44785,1.13,1.13
2013.04.03 23:00:55.630,1.44752,1.44791,1.13,1.88
2013.04.03 23:00:56.601,1.44752,1.44791,1.13,1.88
2013.04.03 23:00:57.021,1.44752,1.44791,1.13,1.13
2013.04.03 23:00:58.360,1.44752,1.4479,1.13,1.13
2013.04.03 23:00:58.857,1.44752,1.4479,1.13,1.13
2013.04.03 23:01:00.069,1.44752,1.44786,1.13,1.88
2013.04.03 23:01:01.891,1.4475,1.44785,1.13,1.13
2013.04.03 23:01:02.495,1.44749,1.44785,1.13,1.13
2013.04.03 23:01:03.790,1.44747,1.44782,1.28,1.13
2013.04.03 23:01:04.210,1.44746,1.44781,1.50,1.13
2013.04.03 23:01:04.390,1.44745,1.44778,1.13,1.50
2013.04.03 23:01:05.200,1.44745,1.44777,1.13,1.50
2013.04.03 23:01:05.920,1.44742,1.44776,1.13,1.88
2013.04.03 23:01:06.221,1.44738,1.44771,1.13,1.50
2013.04.03 23:01:06.728,1.44738,1.44771,1.13,1.50
2013.04.03 23:01:10.200,1.44736,1.44766,1.13,1.13
2013.04.03 23:01:10.756,1.44736,1.44767,1.13,1.13
2013.04.03 23:01:11.442,1.44736,1.44771,1.13,1.50
2013.04.03 23:01:12.380,1.44736,1.44771,1.13,1.50
2013.04.03 23:01:12.929,1.44734,1.44771,1.13,1.50
2013.04.03 23:01:14.700,1.44734,1.44771,1.13,1.50
2013.04.03 23:01:16.319,1.44736,1.4477,1.13,1.13
2013.04.03 23:01:16.439,1.44736,1.44771,1.13,1.50
2013.04.03 23:01:17.440,1.44736,1.44774,1.65,1.50
2013.04.03 23:01:17.871,1.44739,1.44771,1.13,1.13
2013.04.03 23:01:18.640,1.44739,1.44773,1.13,1.13
2013.04.03 23:01:19.592,1.44743,1.44774,1.13,1.13
2013.04.03 23:01:22.433,1.44744,1.44776,1.13,1.88
2013.04.03 23:01:22.739,1.44744,1.44776,1.13,1.13
2013.04.03 23:01:23.421,1.44744,1.44779,1.13,1.13
2013.04.03 23:01:23.973,1.44743,1.44779,1.50,1.13
2013.04.03 23:01:25.487,1.44743,1.44779,1.50,1.13
2013.04.03 23:01:27.820,1.44745,1.44779,1.13,1.13
2013.04.03 23:01:29.420,1.44748,1.44779,1.05,1.13
2013.04.03 23:01:29.968,1.44745,1.44779,1.80,1.13
2013.04.03 23:01:30.549,1.44745,1.44779,1.80,1.13
2013.04.03 23:01:39.305,1.44745,1.44778,1.80,1.13
2013.04.03 23:01:41.370,1.44747,1.4478,1.13,1.50
2013.04.03 23:01:42.161,1.44747,1.4478,1.50,1.50
2013.04.03 23:01:42.280,1.44747,1.4478,1.50,1.50
2013.04.03 23:01:44.440,1.44753,1.44784,1.13,1.50
2013.04.03 23:01:45.289,1.44752,1.44785,1.13,1.88
2013.04.03 23:01:49.260,1.44752,1.44783,1.13,1.13
2013.04.03 23:01:49.810,1.44749,1.44783,1.13,1.13
2013.04.03 23:01:50.330,1.44749,1.44783,1.13,1.13
2013.04.03 23:01:56.190,1.44748,1.44779,1.80,1.13
2013.04.03 23:01:58.793,1.44746,1.44779,1.80,1.13
2013.04.03 23:02:03.440,1.44746,1.44781,1.80,1.13
2013.04.03 23:02:08.041,1.44746,1.4478,1.80,1.13
2013.04.03 23:02:09.341,1.44746,1.4478,1.80,1.13
2013.04.03 23:02:20.100,1.44745,1.44777,1.80,1.13
2013.04.03 23:02:20.341,1.44743,1.44777,2.93,1.13
2013.04.03 23:02:21.530,1.44752,1.44783,1.13,1.50
2013.04.03 23:02:21.591,1.44752,1.44783,2.63,1.50
2013.04.03 23:02:22.150,1.44753,1.44788,2.63,1.88
2013.04.03 23:02:22.591,1.44754,1.44788,1.13,1.88
2013.04.03 23:02:23.150,1.44753,1.44788,1.13,1.88
2013.04.03 23:02:23.690,1.44757,1.44788,1.13,1.50
2013.04.03 23:02:24.612,1.44757,1.44788,1.13,1.50
2013.04.03 23:02:25.110,1.44753,1.44786,1.50,1.50
2013.04.03 23:02:25.170,1.44753,1.44788,1.50,1.50
2013.04.03 23:02:25.810,1.44752,1.44788,2.25,1.50
2013.04.03 23:02:25.881,1.44752,1.44788,1.50,1.88
2013.04.03 23:02:26.792,1.44752,1.44788,2.25,1.50
2013.04.03 23:02:27.920,1.44752,1.44788,2.25,1.50
2013.04.03 23:02:30.241,1.44752,1.44788,1.50,1.50
2013.04.03 23:02:30.420,1.44752,1.44788,1.50,1.50
2013.04.03 23:02:30.972,1.44751,1.4479,1.50,1.88
2013.04.03 23:02:31.570,1.44751,1.44785,1.88,1.50
2013.04.03 23:02:31.631,1.44751,1.44785,1.13,1.88
2013.04.03 23:02:33.748,1.44751,1.44785,1.13,1.88
2013.04.03 23:02:38.390,1.44751,1.44785,1.13,1.50
2013.04.03 23:02:40.936,1.44751,1.44785,1.13,1.50
2013.04.03 23:02:41.260,1.44751,1.44785,1.88,1.50
2013.04.03 23:02:42.156,1.44755,1.44785,1.13,1.50
2013.04.03 23:02:43.601,1.44752,1.44785,1.13,1.50
2013.04.03 23:02:44.290,1.44748,1.44785,1.50,1.50
2013.04.03 23:02:45.420,1.44751,1.44785,1.13,1.88
2013.04.03 23:02:45.540,1.44751,1.44785,1.50,1.88
2013.04.03 23:02:47.601,1.44751,1.44784,1.13,1.13
2013.04.03 23:02:49.940,1.44751,1.44785,1.13,1.88
2013.04.03 23:02:50.547,1.44751,1.44785,1.13,1.65
2013.04.03 23:02:51.181,1.44751,1.44785,1.13,2.40
2013.04.03 23:02:51.780,1.44747,1.44785,1.50,1.65
2013.04.03 23:02:51.901,1.44745,1.44785,1.13,1.13
2013.04.03 23:02:52.551,1.44747,1.44786,1.13,3.15
2013.04.03 23:02:53.139,1.44747,1.44784,1.13,1.13
2013.04.03 23:02:53.262,1.44745,1.4478,1.13,1.65
2013.04.03 23:02:53.681,1.44741,1.44776,1.13,1.28
2013.04.03 23:02:53.800,1.44737,1.44775,1.13,1.13
2013.04.03 23:02:56.110,1.4474,1.44775,1.13,1.65
2013.04.03 23:02:58.501,1.44739,1.44775,1.13,1.65
2013.04.03 23:02:58.880,1.44739,1.44775,1.13,1.65
2013.04.03 23:03:00.600,1.44736,1.44774,1.50,1.13
2013.04.03 23:03:03.487,1.44736,1.44775,1.50,1.65
2013.04.03 23:03:04.660,1.44736,1.44775,1.50,1.65
2013.04.03 23:03:05.201,1.44737,1.44775,1.13,1.65
2013.04.03 23:03:05.712,1.44741,1.4477,1.13,1.80
2013.04.03 23:03:06.246,1.44741,1.44769,1.13,1.13
2013.04.03 23:03:06.561,1.44741,1.44767,1.13,1.05
2013.04.03 23:03:07.255,1.44739,1.44764,1.13,1.05
2013.04.03 23:03:09.396,1.44737,1.44763,1.50,1.05
2013.04.03 23:03:10.140,1.44736,1.44763,1.13,1.05
2013.04.03 23:03:10.261,1.44736,1.44763,1.50,1.05
2013.04.03 23:03:10.440,1.44739,1.44766,1.13,1.05
2013.04.03 23:03:10.861,1.4474,1.44767,1.13,1.05
2013.04.03 23:03:11.250,1.4474,1.44769,1.13,1.80
2013.04.03 23:03:11.471,1.4474,1.44772,1.13,1.80
2013.04.03 23:03:11.671,1.44741,1.44772,1.13,1.05
2013.04.03 23:03:12.956,1.44741,1.44772,1.13,1.05
2013.04.03 23:03:13.240,1.44741,1.44774,1.13,1.05
2013.04.03 23:03:20.534,1.44744,1.44774,1.13,1.43
2013.04.03 23:03:21.401,1.44739,1.44774,1.88,1.43
2013.04.03 23:03:21.521,1.44744,1.44775,1.13,1.05
2013.04.03 23:03:21.640,1.44744,1.44775,1.13,1.80
2013.04.03 23:03:22.751,1.44745,1.44777,1.13,1.43
2013.04.03 23:03:26.190,1.44745,1.44777,1.13,1.13
2013.04.03 23:03:27.402,1.44745,1.44779,1.13,1.13
2013.04.03 23:03:27.641,1.44746,1.4478,1.13,1.13
2013.04.03 23:03:28.400,1.44746,1.44783,1.50,1.50
2013.04.03 23:03:28.722,1.44747,1.44783,1.50,1.50
2013.04.03 23:03:28.836,1.44751,1.44784,1.13,1.50
2013.04.03 23:03:29.770,1.44747,1.44783,1.50,1.50
2013.04.03 23:03:30.320,1.44747,1.44783,1.50,1.50
2013.04.03 23:03:30.632,1.44747,1.44782,3.00,1.05
2013.04.03 23:03:31.260,1.44747,1.44782,1.50,1.43
2013.04.03 23:03:35.797,1.44752,1.44783,1.13,1.13
2013.04.03 23:03:36.871,1.44752,1.44783,2.25,1.13
2013.04.03 23:03:36.991,1.44756,1.4479,1.13,1.32
2013.04.03 23:03:37.122,1.44757,1.44789,1.13,1.32
2013.04.03 23:03:37.851,1.44756,1.44789,1.50,1.32
2013.04.03 23:03:38.680,1.44753,1.44788,1.13,1.50
2013.04.03 23:03:39.071,1.44751,1.44787,1.13,1.43
2013.04.03 23:03:42.300,1.44751,1.44789,1.13,1.50
2013.04.03 23:03:42.686,1.44749,1.44787,1.50,1.13
2013.04.03 23:03:42.810,1.44749,1.44787,1.50,1.13
2013.04.03 23:03:44.702,1.44749,1.44788,1.50,1.13
2013.04.03 23:03:45.392,1.44747,1.44785,1.13,1.13
2013.04.03 23:03:46.110,1.44747,1.44785,1.13,1.13
2013.04.03 23:03:46.790,1.44746,1.44785,2.55,1.13
2013.04.03 23:03:46.850,1.44746,1.44784,2.55,1.13
2013.04.03 23:03:50.430,1.44747,1.44784,1.50,1.13
2013.04.03 23:03:50.760,1.44747,1.44787,1.13,1.13
2013.04.03 23:03:51.321,1.44747,1.44787,1.88,1.13
2013.04.03 23:03:51.680,1.44747,1.44786,1.50,1.80
2013.04.03 23:03:53.720,1.44747,1.44783,1.50,1.80
2013.04.03 23:03:55.207,1.4475,1.44783,1.50,1.80
2013.04.03 23:03:55.771,1.4475,1.44783,1.13,2.18
2013.04.03 23:03:55.930,1.44746,1.44782,1.50,1.13
2013.04.03 23:03:56.671,1.44747,1.44779,1.13,1.80
2013.04.03 23:03:57.209,1.44747,1.44777,1.13,1.80
2013.04.03 23:04:00.061,1.44751,1.44777,1.13,1.05
2013.04.03 23:04:00.127,1.44747,1.44777,1.13,1.80
2013.04.03 23:04:00.380,1.44747,1.44777,1.13,1.80
2013.04.03 23:04:00.920,1.44744,1.44776,1.13,1.13
2013.04.03 23:04:09.202,1.44742,1.44774,1.13,2.18
2013.04.03 23:04:09.321,1.4474,1.44774,1.13,2.18
2013.04.03 23:04:10.678,1.4474,1.44773,1.13,1.13
2013.04.03 23:04:15.291,1.4474,1.44773,1.13,1.13
2013.04.03 23:04:15.870,1.4474,1.4477,1.13,1.05
2013.04.03 23:04:16.171,1.44737,1.44769,1.13,1.13
2013.04.03 23:04:16.920,1.44729,1.44766,1.50,1.80
2013.04.03 23:04:17.421,1.44732,1.44773,2.25,1.50
2013.04.03 23:04:17.960,1.44736,1.44775,1.50,1.80
2013.04.03 23:04:19.021,1.44736,1.4477,1.50,1.80
2013.04.03 23:04:20.623,1.44734,1.44775,1.50,1.50
2013.04.03 23:04:21.468,1.44734,1.44775,1.50,1.13
2013.04.03 23:04:21.830,1.44738,1.44779,1.50,1.13
2013.04.03 23:04:22.633,1.44735,1.44771,1.50,1.05
2013.04.03 23:04:22.751,1.44736,1.44774,1.50,1.80
2013.04.03 23:04:23.379,1.44736,1.44773,1.50,1.05
2013.04.03 23:04:23.891,1.44736,1.44773,1.50,1.05
2013.04.03 23:04:27.701,1.44736,1.44774,1.50,1.88
2013.04.03 23:04:27.761,1.44738,1.44774,1.50,1.50
2013.04.03 23:04:28.451,1.44736,1.44774,1.50,1.88
2013.04.03 23:04:30.630,1.44734,1.44774,1.50,1.13
2013.04.03 23:04:30.841,1.44737,1.44774,1.50,1.13
2013.04.03 23:04:30.900,1.44737,1.44775,1.50,1.13
2013.04.03 23:04:31.161,1.44736,1.44777,1.50,1.65
2013.04.03 23:04:32.310,1.4474,1.44777,1.13,1.28
2013.04.03 23:04:32.850,1.4474,1.44779,1.13,1.65
2013.04.03 23:04:34.248,1.44738,1.44779,1.50,1.65
2013.04.03 23:04:36.571,1.44734,1.44779,1.50,2.40
2013.04.03 23:04:36.691,1.44734,1.44774,1.50,1.13
2013.04.03 23:04:39.074,1.44734,1.44771,1.50,2.55
2013.04.03 23:04:44.911,1.44735,1.44774,1.50,1.80
2013.04.03 23:04:46.940,1.44732,1.44771,1.50,1.13
2013.04.03 23:04:48.840,1.44732,1.44771,2.25,1.13
2013.04.03 23:04:49.211,1.44732,1.44773,1.50,1.13
2013.04.03 23:04:50.392,1.44732,1.44773,1.50,1.13
2013.04.03 23:04:50.741,1.44732,1.44773,2.25,1.13
2013.04.03 23:04:51.290,1.44732,1.44773,2.25,1.13
2013.04.03 23:04:52.300,1.44732,1.44773,2.25,1.13
2013.04.03 23:04:52.761,1.44732,1.44772,1.50,1.80
2013.04.03 23:04:58.590,1.44736,1.4477,1.50,1.80
2013.04.03 23:04:58.949,1.44736,1.4477,2.25,1.80
2013.04.03 23:04:59.276,1.44738,1.4477,1.50,1.80
2013.04.03 23:05:00.260,1.44738,1.44773,1.50,1.13
2013.04.03 23:05:01.642,1.44739,1.44777,1.50,1.13
2013.04.03 23:05:02.221,1.4474,1.44777,1.50,1.13
2013.04.03 23:05:02.340,1.44743,1.44781,1.50,1.13
2013.04.03 23:05:02.401,1.44743,1.44781,1.50,1.13
2013.04.03 23:05:03.115,1.44743,1.44781,1.50,1.13
2013.04.03 23:05:03.420,1.44743,1.44781,1.50,1.13
2013.04.03 23:05:03.780,1.4474,1.44772,1.50,1.80
2013.04.03 23:05:03.843,1.4474,1.44772,1.50,1.80
2013.04.03 23:05:04.862,1.44738,1.44772,1.50,1.80
2013.04.03 23:05:05.520,1.44737,1.44772,2.07,1.80
2013.04.03 23:05:06.511,1.44736,1.44768,1.13,1.13
2013.04.03 23:05:06.931,1.44732,1.44768,1.13,1.13
2013.04.03 23:05:07.051,1.44732,1.44768,1.50,1.13
2013.04.03 23:05:07.421,1.44732,1.44768,1.50,1.13
2013.04.03 23:05:07.660,1.44732,1.44768,1.50,1.13
2013.04.03 23:05:07.840,1.44732,1.44768,1.50,1.13
2013.04.03 23:05:17.401,1.44732,1.44766,1.50,1.13
2013.04.03 23:05:26.280,1.44732,1.44766,1.50,1.13
2013.04.03 23:05:27.433,1.44737,1.44768,1.13,1.13
2013.04.03 23:05:27.506,1.44737,1.44772,1.13,1.13
2013.04.03 23:05:27.642,1.44737,1.44772,1.13,1.13
2013.04.03 23:05:28.151,1.44737,1.44772,1.13,1.13
2013.04.03 23:05:29.460,1.44737,1.44772,1.13,1.13
2013.04.03 23:05:29.891,1.44737,1.44772,2.63,1.13
2013.04.03 23:05:30.343,1.44741,1.44774,1.13,1.13
2013.04.03 23:05:31.330,1.44741,1.44774,1.13,1.13
2013.04.03 23:05:34.043,1.44739,1.44775,1.50,1.88
2013.04.03 23:05:34.221,1.44737,1.44775,1.50,1.88
2013.04.03 23:05:34.371,1.44737,1.44775,1.50,1.88
2013.04.03 23:05:34.681,1.44745,1.44778,1.13,1.28
2013.04.03 23:05:34.740,1.44745,1.44781,1.13,1.13
2013.04.03 23:05:34.801,1.44747,1.44782,1.13,1.32
2013.04.03 23:05:35.471,1.44752,1.44784,1.05,1.88
2013.04.03 23:05:35.991,1.44749,1.44786,1.43,1.50
2013.04.03 23:05:36.931,1.4475,1.44787,1.80,2.63
2013.04.03 23:05:38.551,1.44751,1.44785,1.13,1.13
2013.04.03 23:05:39.550,1.44751,1.44786,1.50,1.13
2013.04.03 23:05:40.642,1.44748,1.44786,2.25,1.80
2013.04.03 23:05:40.821,1.44747,1.44783,1.13,1.65
2013.04.03 23:05:40.880,1.44743,1.44781,3.00,1.13
2013.04.03 23:05:41.720,1.44743,1.44779,1.13,2.03
2013.04.03 23:05:42.081,1.44743,1.44778,1.50,1.28
2013.04.03 23:05:42.260,1.44743,1.44779,1.50,2.03
2013.04.03 23:05:42.681,1.44739,1.44774,2.07,1.13
2013.04.03 23:05:42.801,1.4474,1.4477,1.13,1.80
2013.04.03 23:05:43.321,1.44737,1.4477,1.65,1.80
2013.04.03 23:05:43.441,1.4474,1.44778,1.13,2.25
2013.04.03 23:05:43.501,1.44742,1.44778,1.13,1.65
2013.04.03 23:05:43.621,1.44744,1.44779,1.50,1.65
2013.04.03 23:05:43.801,1.44747,1.44782,1.88,1.13
2013.04.03 23:05:44.881,1.44745,1.44781,2.40,1.13
2013.04.03 23:05:47.930,1.44746,1.44781,1.88,2.55
2013.04.03 23:05:49.140,1.44748,1.44784,2.07,1.88
2013.04.03 23:05:49.726,1.44747,1.44784,2.37,1.13
2013.04.03 23:05:53.230,1.44754,1.44786,1.50,1.80
2013.04.03 23:05:56.161,1.44756,1.4479,1.13,1.88
2013.04.03 23:05:58.609,1.44754,1.44789,1.13,2.18
2013.04.03 23:05:58.731,1.44751,1.44787,1.88,1.65
2013.04.03 23:05:58.850,1.44748,1.44784,1.50,1.13
2013.04.03 23:05:59.212,1.44747,1.4478,1.13,1.28
2013.04.03 23:05:59.760,1.44743,1.44779,1.50,1.50
2013.04.03 23:06:01.603,1.44743,1.44779,1.50,1.13
2013.04.03 23:06:02.230,1.44746,1.44783,1.13,1.28
2013.04.03 23:06:03.471,1.44746,1.44783,1.13,1.28
2013.04.03 23:06:03.851,1.44748,1.44783,1.13,1.28
2013.04.03 23:06:04.210,1.44754,1.44787,1.13,1.13
2013.04.03 23:06:05.135,1.44755,1.44788,2.25,1.80
2013.04.03 23:06:05.551,1.44755,1.44788,2.25,1.80
2013.04.03 23:06:13.410,1.44752,1.44788,1.50,1.80
2013.04.03 23:06:13.530,1.44753,1.44788,1.13,1.80
2013.04.03 23:06:14.071,1.4475,1.4478,1.13,1.13
2013.04.03 23:06:18.964,1.44746,1.44779,1.50,2.40
2013.04.03 23:06:19.472,1.44746,1.44779,1.13,1.50
2013.04.03 23:06:27.020,1.44745,1.44779,2.18,1.88
2013.04.03 23:06:29.360,1.44745,1.44779,2.18,1.13
2013.04.03 23:06:30.740,1.44749,1.44784,1.13,1.65
2013.04.03 23:06:30.800,1.44749,1.44784,1.13,1.13
2013.04.03 23:06:31.100,1.44752,1.44787,1.13,2.33
2013.04.03 23:06:31.340,1.44756,1.44789,1.13,1.50
2013.04.03 23:06:32.292,1.44756,1.44792,1.50,2.25
2013.04.03 23:06:36.881,1.44759,1.44792,1.13,1.50
2013.04.03 23:06:37.211,1.44759,1.4479,1.13,1.50
2013.04.03 23:06:40.241,1.4476,1.44792,1.13,1.50
2013.04.03 23:06:40.621,1.44759,1.44792,1.43,2.25
2013.04.03 23:06:41.900,1.44757,1.44792,1.13,2.63
2013.04.03 23:06:44.438,1.44752,1.44788,2.55,1.50
2013.04.03 23:06:44.981,1.44752,1.44787,2.55,1.50
2013.04.03 23:06:45.055,1.44752,1.44786,2.55,1.50
2013.04.03 23:06:49.511,1.44752,1.44786,1.80,1.50
2013.04.03 23:06:51.151,1.44754,1.44786,1.05,1.50
2013.04.03 23:06:51.571,1.44754,1.44786,1.80,1.50
2013.04.03 23:06:54.184,1.44754,1.44786,1.80,1.88
2013.04.03 23:06:55.130,1.44752,1.44786,1.80,1.88
2013.04.03 23:06:55.403,1.4475,1.44784,1.13,1.13
2013.04.03 23:06:55.761,1.4475,1.44782,1.80,1.50
2013.04.03 23:06:56.850,1.4475,1.44783,1.80,2.40
2013.04.03 23:07:03.431,1.4475,1.44784,1.13,1.13
2013.04.03 23:07:05.172,1.44748,1.44782,1.43,1.13
2013.04.03 23:07:05.680,1.44746,1.44779,1.13,1.13
2013.04.03 23:07:06.166,1.44749,1.44779,1.13,1.13
2013.04.03 23:07:08.731,1.4475,1.44783,1.13,1.50
2013.04.03 23:07:09.291,1.44755,1.44788,1.13,2.03
2013.04.03 23:07:10.050,1.44757,1.44789,1.13,3.45
2013.04.03 23:07:10.713,1.44752,1.44788,1.50,2.03
2013.04.03 23:07:10.772,1.44751,1.44788,1.13,2.55
2013.04.03 23:07:10.890,1.44751,1.44787,1.13,1.13
2013.04.03 23:07:15.431,1.44751,1.44786,1.13,1.50
2013.04.03 23:07:15.791,1.44747,1.44779,1.43,1.13
2013.04.03 23:07:15.850,1.44747,1.4478,1.05,1.13
2013.04.03 23:07:15.980,1.44747,1.4478,1.43,1.13
2013.04.03 23:07:16.400,1.44747,1.4478,1.43,1.13
2013.04.03 23:07:16.851,1.44747,1.44779,1.80,1.13
2013.04.03 23:07:18.341,1.4475,1.44783,1.13,1.50
2013.04.03 23:07:18.590,1.4475,1.44783,1.13,1.88
2013.04.03 23:07:20.003,1.44751,1.44785,1.13,1.13
2013.04.03 23:07:25.564,1.44752,1.44787,1.13,1.13
2013.04.03 23:07:35.991,1.4475,1.44786,1.13,1.13
2013.04.03 23:07:37.691,1.44752,1.44787,1.13,1.13
2013.04.03 23:07:43.612,1.4475,1.44786,2.78,1.13
2013.04.03 23:07:45.723,1.44752,1.44788,1.13,1.80
2013.04.03 23:07:46.030,1.44756,1.4479,2.03,1.13
2013.04.03 23:07:46.751,1.44757,1.4479,1.13,1.13
2013.04.03 23:07:52.940,1.44758,1.44796,1.80,2.18
2013.04.03 23:07:54.290,1.44757,1.44797,3.30,2.40
2013.04.03 23:08:01.402,1.44761,1.44797,1.13,2.40
2013.04.03 23:08:12.622,1.4476,1.44797,1.88,1.65
2013.04.03 23:08:18.410,1.44761,1.44797,1.13,1.65
2013.04.03 23:08:23.582,1.44762,1.44797,1.13,1.65
2013.04.03 23:08:26.291,1.44764,1.44797,1.13,1.28
2013.04.03 23:08:29.456,1.44761,1.44797,1.50,2.03
2013.04.03 23:08:33.941,1.4476,1.44797,1.13,1.13
2013.04.03 23:08:37.353,1.44761,1.44797,1.50,1.65
2013.04.03 23:08:38.160,1.44761,1.44793,1.13,1.65
2013.04.03 23:08:48.492,1.44758,1.44793,1.80,1.65
2013.04.03 23:08:48.901,1.44761,1.44793,2.18,1.28
2013.04.03 23:08:57.445,1.44762,1.44795,1.80,1.65
2013.04.03 23:09:02.251,1.44763,1.44794,1.13,1.65
2013.04.03 23:09:05.681,1.44771,1.44794,1.80,1.65
2013.04.03 23:09:05.801,1.44771,1.44799,1.80,1.13
2013.04.03 23:09:05.861,1.44771,1.448,1.80,1.28
2013.04.03 23:09:06.161,1.44771,1.44799,1.80,1.50
2013.04.03 23:09:25.820,1.44771,1.44799,1.13,2.78
2013.04.03 23:09:33.163,1.44767,1.44798,1.13,2.03
2013.04.03 23:09:33.347,1.44764,1.44793,1.50,1.50
2013.04.03 23:09:36.432,1.44763,1.44793,1.13,2.40
2013.04.03 23:09:42.938,1.44761,1.44793,1.13,1.88
2013.04.03 23:09:46.849,1.44761,1.44793,1.13,1.88
2013.04.03 23:09:49.412,1.44761,1.44793,1.13,1.88
2013.04.03 23:09:55.662,1.4476,1.44792,1.80,1.65
2013.04.03 23:09:58.672,1.4476,1.44792,1.80,1.65
2013.04.03 23:10:00.521,1.44762,1.44792,1.80,1.65
2013.04.03 23:10:03.692,1.44762,1.44792,1.80,1.65
2013.04.03 23:10:05.891,1.44762,1.44786,1.80,1.05
2013.04.03 23:10:14.171,1.44761,1.44786,1.80,1.05
2013.04.03 23:10:14.531,1.44766,1.44786,1.13,1.05
2013.04.03 23:10:15.862,1.44767,1.44791,1.13,1.80
2013.04.03 23:10:16.766,1.44768,1.44791,1.05,1.05
2013.04.03 23:10:16.835,1.44772,1.44796,1.05,1.35
2013.04.03 23:10:33.692,1.44771,1.44796,1.13,1.35
2013.04.03 23:10:37.802,1.44772,1.44795,1.80,1.05
2013.04.03 23:10:38.041,1.4478,1.44799,1.13,1.05
2013.04.03 23:10:41.651,1.44781,1.44802,1.13,1.35
2013.04.03 23:10:41.712,1.44781,1.44804,1.13,1.05
2013.04.03 23:10:45.932,1.44782,1.44807,1.80,1.35
2013.04.03 23:10:45.992,1.44782,1.44808,1.80,1.05
2013.04.03 23:10:50.503,1.44786,1.44815,1.80,1.58
2013.04.03 23:10:50.981,1.44788,1.44815,1.80,1.58
2013.04.03 23:10:52.143,1.4479,1.44815,1.13,1.05
2013.04.03 23:10:52.382,1.44784,1.44814,1.13,1.65
2013.04.03 23:10:52.502,1.44784,1.44813,1.13,1.58
2013.04.03 23:10:53.341,1.44784,1.4481,1.80,1.35
2013.04.03 23:10:54.121,1.44788,1.44815,1.80,1.05
2013.04.03 23:10:56.482,1.4479,1.44815,1.80,1.05
2013.04.03 23:10:59.652,1.44792,1.44821,1.80,2.33
2013.04.03 23:10:59.892,1.44792,1.44819,1.80,1.35
2013.04.03 23:11:00.443,1.44792,1.44815,1.80,1.05
2013.04.03 23:11:00.631,1.44792,1.44815,1.80,1.05
2013.04.03 23:11:05.742,1.44786,1.44814,1.50,1.28
2013.04.03 23:11:05.921,1.44786,1.44814,1.50,2.10
2013.04.03 23:11:06.285,1.44786,1.44811,1.50,1.05
2013.04.03 23:11:10.163,1.44786,1.44811,1.50,1.05
2013.04.03 23:11:20.873,1.4479,1.44811,1.13,1.05
2013.04.03 23:11:23.191,1.44794,1.44811,1.05,1.05
2013.04.03 23:11:25.901,1.44794,1.44813,1.05,1.05
2013.04.03 23:11:35.173,1.44794,1.44813,1.80,1.05
2013.04.03 23:11:38.692,1.44792,1.44813,1.80,1.05
2013.04.03 23:11:44.232,1.4479,1.44813,1.43,2.55
2013.04.03 23:11:45.942,1.4479,1.44812,1.05,2.10
2013.04.03 23:11:57.442,1.4479,1.44811,1.80,1.05
2013.04.03 23:11:57.682,1.44792,1.44817,1.80,1.05
2013.04.03 23:12:07.223,1.44791,1.44817,1.13,1.05
2013.04.03 23:12:07.283,1.44787,1.44815,2.18,1.35
2013.04.03 23:12:07.642,1.44784,1.44811,1.80,1.05
2013.04.03 23:12:09.003,1.44788,1.44811,1.05,1.05
2013.04.03 23:12:09.184,1.44786,1.44811,1.13,1.05
2013.04.03 23:12:25.721,1.44781,1.44809,1.80,1.28
2013.04.03 23:12:26.665,1.44776,1.44805,2.18,2.18
2013.04.03 23:12:26.743,1.44773,1.44793,1.80,1.05
2013.04.03 23:12:30.676,1.44773,1.44793,1.05,1.05
2013.04.03 23:12:30.743,1.4477,1.44793,1.80,1.05
2013.04.03 23:12:32.982,1.44768,1.44793,1.80,1.05
2013.04.03 23:12:33.222,1.4477,1.44798,1.80,1.28
2013.04.03 23:12:33.744,1.4477,1.44799,1.80,1.05
2013.04.03 23:12:36.542,1.44775,1.44799,1.80,1.05
2013.04.03 23:12:37.252,1.44774,1.44801,1.80,1.35
2013.04.03 23:12:37.613,1.44777,1.44805,1.80,1.05
2013.04.03 23:12:37.975,1.44777,1.44805,1.80,1.05
2013.04.03 23:12:40.113,1.44777,1.44805,1.80,1.05
2013.04.03 23:12:40.872,1.44777,1.44801,1.80,1.05
2013.04.03 23:12:54.782,1.44775,1.44806,2.33,1.35
2013.04.03 23:12:54.844,1.44777,1.44808,1.28,1.20
2013.04.03 23:12:54.962,1.44777,1.4481,2.10,1.73
2013.04.03 23:12:56.572,1.4478,1.4481,1.28,2.10
2013.04.03 23:13:06.436,1.44777,1.44808,2.10,1.28
2013.04.03 23:13:15.042,1.44777,1.44808,1.28,1.80
2013.04.03 23:13:16.922,1.44778,1.44808,1.28,1.05
2013.04.03 23:13:18.892,1.44779,1.44808,1.50,1.05
2013.04.03 23:13:19.013,1.44783,1.44813,1.28,1.43
2013.04.03 23:13:21.134,1.44782,1.44813,1.28,1.43
2013.04.03 23:13:23.954,1.44784,1.44818,1.05,3.53
2013.04.03 23:13:28.159,1.44784,1.44818,1.43,3.15
2013.04.03 23:13:30.124,1.44784,1.44818,1.05,3.15
2013.04.03 23:13:31.092,1.44784,1.44818,1.05,2.97
2013.04.03 23:13:37.193,1.44784,1.44818,1.05,3.72
2013.04.03 23:13:43.772,1.44784,1.44816,1.05,1.20
2013.04.03 23:13:44.462,1.44784,1.44815,1.28,1.43
2013.04.03 23:13:44.822,1.4479,1.44819,1.80,1.43
2013.04.03 23:13:46.012,1.44793,1.44824,1.05,2.18
2013.04.03 23:13:46.072,1.44793,1.44824,1.05,1.43
2013.04.03 23:13:52.983,1.44793,1.44824,1.05,1.43
2013.04.03 23:13:56.444,1.44793,1.44824,1.05,2.18
2013.04.03 23:13:58.427,1.44794,1.44824,1.28,1.43
2013.04.03 23:13:58.492,1.44794,1.44824,1.28,1.05
2013.04.03 23:14:02.327,1.44793,1.44824,1.05,1.05
2013.04.03 23:14:06.081,1.44792,1.44826,1.43,1.43
2013.04.03 23:14:16.712,1.44792,1.44826,1.80,1.05
2013.04.03 23:14:20.114,1.44793,1.44826,1.28,1.05
2013.04.03 23:14:39.902,1.44792,1.44826,1.05,2.18
2013.04.03 23:14:40.303,1.44794,1.44826,1.28,3.68
2013.04.03 23:14:42.849,1.44792,1.44822,1.28,1.20
2013.04.03 23:14:44.862,1.44791,1.4482,1.28,1.05
2013.04.03 23:14:45.532,1.44789,1.4482,2.33,2.10
2013.04.03 23:14:57.436,1.44792,1.44816,1.26,1.05
2013.04.03 23:14:59.093,1.44792,1.44816,1.26,1.05
2013.04.03 23:15:01.162,1.44789,1.44816,1.98,1.05
2013.04.03 23:15:01.762,1.4479,1.44816,1.89,1.05
2013.04.03 23:15:02.322,1.44787,1.44816,2.66,1.05
2013.04.03 23:15:03.044,1.44792,1.44816,1.31,1.05
2013.04.03 23:15:04.030,1.44789,1.44816,2.12,1.05
2013.04.03 23:15:05.092,1.4479,1.44816,1.50,1.05
2013.04.03 23:15:05.611,1.4479,1.44815,1.50,1.05
2013.04.03 23:15:06.101,1.44787,1.44815,1.89,1.05
2013.04.03 23:15:06.412,1.44787,1.44815,1.21,1.05
2013.04.03 23:15:06.532,1.4479,1.44815,1.05,1.05
2013.04.03 23:15:06.592,1.4479,1.44818,1.05,1.43
2013.04.03 23:15:16.185,1.4479,1.44818,1.80,1.05
2013.04.03 23:15:23.673,1.4479,1.44818,1.05,1.05
2013.04.03 23:15:26.592,1.4479,1.44817,1.05,1.05
2013.04.03 23:15:46.641,1.4479,1.44817,1.05,1.73
2013.04.03 23:15:58.482,1.44792,1.44814,1.05,1.05
2013.04.03 23:16:06.492,1.4479,1.44814,1.80,1.05
2013.04.03 23:16:07.057,1.44792,1.44815,1.05,1.05
2013.04.03 23:16:12.734,1.44792,1.44819,1.05,1.28
2013.04.03 23:16:27.152,1.44792,1.4482,1.80,1.35
2013.04.03 23:16:27.632,1.44795,1.44823,1.80,2.10
2013.04.03 23:16:27.693,1.44797,1.44823,1.80,1.28
2013.04.03 23:16:27.752,1.44797,1.44825,1.80,1.05
2013.04.03 23:16:30.312,1.44799,1.44828,1.28,1.28
2013.04.03 23:16:30.612,1.44801,1.44829,1.80,1.05
2013.04.03 23:16:41.993,1.44804,1.44832,1.28,1.35
2013.04.03 23:16:42.052,1.44804,1.44833,1.28,1.28
2013.04.03 23:16:45.643,1.44801,1.44832,3.90,1.28
2013.04.03 23:16:47.768,1.44801,1.44829,1.65,1.28
2013.04.03 23:16:47.893,1.44798,1.44828,2.33,1.28
2013.04.03 23:16:48.192,1.44797,1.44828,1.65,1.28
2013.04.03 23:16:48.393,1.44797,1.44828,1.65,1.28
2013.04.03 23:16:49.953,1.44797,1.44828,1.28,1.65
2013.04.03 23:16:57.174,1.44797,1.44828,1.28,1.65
2013.04.03 23:16:59.402,1.44798,1.4483,1.28,1.43
2013.04.03 23:17:07.892,1.44799,1.44829,1.28,1.73
2013.04.03 23:17:14.133,1.44797,1.44828,1.28,1.28
2013.04.03 23:17:22.112,1.44799,1.44829,1.28,1.35
2013.04.03 23:17:23.485,1.44797,1.44828,1.28,1.28
2013.04.03 23:17:23.722,1.44796,1.44826,1.73,1.28
2013.04.03 23:17:23.923,1.44797,1.44828,1.28,1.28
2013.04.03 23:17:27.732,1.44797,1.44828,1.80,1.28
2013.04.03 23:17:37.824,1.44797,1.44827,1.05,1.28
2013.04.03 23:17:38.003,1.44797,1.44829,1.05,2.18
2013.04.03 23:17:38.382,1.44797,1.44827,1.05,1.28
2013.04.03 23:17:38.442,1.44797,1.44828,1.80,1.28
2013.04.03 23:17:39.383,1.44799,1.44829,1.28,1.43
2013.04.03 23:17:47.902,1.448,1.44831,1.28,2.93
2013.04.03 23:17:52.917,1.44799,1.4483,1.05,1.65
2013.04.03 23:17:53.233,1.448,1.4483,1.28,1.28
2013.04.03 23:17:54.614,1.44799,1.4483,1.05,2.03
2013.04.03 23:17:56.469,1.448,1.4483,1.28,1.28
2013.04.03 23:17:56.944,1.44799,1.4483,1.05,2.03
2013.04.03 23:18:01.075,1.448,1.4483,1.28,1.28
2013.04.03 23:18:02.286,1.44799,1.4483,1.05,2.03
2013.04.03 23:18:02.884,1.448,1.4483,1.28,1.28
2013.04.03 23:18:04.282,1.44799,1.4483,1.05,2.03
2013.04.03 23:18:04.463,1.448,1.4483,1.28,1.28
2013.04.03 23:18:05.365,1.44799,1.4483,1.05,2.03
2013.04.03 23:18:07.943,1.44797,1.44828,1.80,1.28
2013.04.03 23:18:28.628,1.44797,1.44828,3.53,1.13
2013.04.03 23:18:29.917,1.448,1.44831,1.28,1.28
2013.04.03 23:18:30.355,1.44798,1.44829,1.05,1.13
2013.04.03 23:18:30.474,1.44797,1.44826,1.05,1.05
2013.04.03 23:18:32.964,1.44797,1.44829,1.88,1.95
2013.04.03 23:18:33.026,1.448,1.44829,1.05,1.13
2013.04.03 23:18:37.193,1.44801,1.44832,1.28,1.05
2013.04.03 23:18:45.163,1.448,1.44831,1.28,1.20
2013.04.03 23:18:53.415,1.44797,1.44827,1.65,1.05
2013.04.03 23:18:58.843,1.44803,1.44833,1.28,1.80
2013.04.03 23:18:59.172,1.44803,1.44833,1.28,1.80
2013.04.03 23:19:00.816,1.44803,1.44833,1.28,3.08
2013.04.03 23:19:04.454,1.44803,1.44833,1.28,3.08
2013.04.03 23:19:07.265,1.44803,1.44833,1.28,3.08
2013.04.03 23:19:07.384,1.44803,1.44833,1.28,3.08
2013.04.03 23:19:18.719,1.44801,1.44831,1.80,1.20
2013.04.03 23:19:25.703,1.44801,1.4483,1.28,1.05
2013.04.03 23:19:26.443,1.44805,1.44836,1.28,1.05
2013.04.03 23:19:27.492,1.44805,1.44836,2.03,1.05
2013.04.03 23:19:27.612,1.4481,1.4484,1.28,1.28
2013.04.03 23:19:29.994,1.4481,1.4484,1.28,1.28
2013.04.03 23:19:31.974,1.4481,1.4484,1.28,1.28
2013.04.03 23:19:35.402,1.4481,1.44841,1.28,1.05
2013.04.03 23:19:35.942,1.4481,1.44841,1.65,1.43
2013.04.03 23:19:39.453,1.4481,1.44841,1.28,1.43
2013.04.03 23:19:45.243,1.4481,1.44841,1.28,1.05
2013.04.03 23:19:45.850,1.4481,1.44841,1.28,1.43
2013.04.03 23:19:47.732,1.44809,1.4484,1.28,1.73
2013.04.03 23:19:54.452,1.44809,1.4484,1.28,1.73
2013.04.03 23:19:54.692,1.44812,1.44844,1.58,3.75
2013.04.03 23:19:55.183,1.44811,1.44841,2.10,1.28
2013.04.03 23:19:55.485,1.44803,1.44833,1.28,1.05
2013.04.03 23:19:56.844,1.44804,1.44835,1.73,1.20
2013.04.03 23:19:56.963,1.44808,1.44838,1.05,1.13
2013.04.03 23:19:57.143,1.44804,1.44834,1.35,1.58
2013.04.03 23:19:57.202,1.44802,1.44833,1.05,1.35
2013.04.03 23:19:57.383,1.44802,1.44833,2.03,1.35
2013.04.03 23:20:06.934,1.44801,1.4483,3.08,1.28
2013.04.03 23:20:08.452,1.44799,1.4483,1.73,1.28
2013.04.03 23:20:08.633,1.44796,1.44827,1.65,1.05
2013.04.03 23:20:08.752,1.44797,1.44825,1.28,1.28
2013.04.03 23:20:08.933,1.44797,1.44827,2.33,1.05
2013.04.03 23:20:21.722,1.44799,1.44827,1.13,1.05
2013.04.03 23:20:21.908,1.44802,1.44831,1.28,1.43
2013.04.03 23:20:24.302,1.44807,1.44836,1.28,1.20
2013.04.03 23:20:24.363,1.44807,1.44837,1.28,1.28
2013.04.03 23:20:24.483,1.44806,1.44836,1.05,1.13
2013.04.03 23:20:24.793,1.44804,1.44834,3.08,1.05
2013.04.03 23:20:24.913,1.44806,1.44839,2.10,2.03
2013.04.03 23:20:26.618,1.44806,1.44838,2.10,1.28
2013.04.03 23:20:29.883,1.44809,1.44839,1.28,1.28
2013.04.03 23:20:29.943,1.44806,1.44839,2.10,2.03
2013.04.03 23:20:30.242,1.44809,1.44839,1.28,1.28
2013.04.03 23:20:30.335,1.44807,1.44838,1.28,1.65
2013.04.03 23:20:44.872,1.44807,1.44838,1.28,1.28
2013.04.03 23:21:04.895,1.44806,1.44838,1.28,1.58
2013.04.03 23:21:17.672,1.44801,1.44832,1.65,1.35
2013.04.03 23:21:17.853,1.44801,1.44832,1.65,1.35
2013.04.03 23:21:18.093,1.44797,1.44826,1.88,1.05
2013.04.03 23:21:21.542,1.44795,1.44824,1.28,1.28
2013.04.03 23:21:21.993,1.44792,1.44821,1.80,1.43
2013.04.03 23:21:24.452,1.44794,1.44821,2.18,1.43
2013.04.03 23:22:00.709,1.44793,1.44821,1.80,1.43
2013.04.03 23:22:10.172,1.4479,1.44819,2.33,1.28
2013.04.03 23:22:41.810,1.44789,1.44818,1.13,1.28
2013.04.03 23:22:45.022,1.44792,1.44823,1.28,1.43
2013.04.03 23:22:53.934,1.44791,1.44823,1.65,1.05
2013.04.03 23:23:04.835,1.44792,1.44824,1.05,2.48
2013.04.03 23:23:04.952,1.44793,1.44824,1.05,2.18
2013.04.03 23:23:07.942,1.44795,1.44824,1.28,1.05
2013.04.03 23:23:13.424,1.44793,1.44823,1.43,1.28
2013.04.03 23:23:16.363,1.44795,1.44824,1.28,1.05
2013.04.03 23:23:30.943,1.44796,1.44823,1.80,1.05
2013.04.03 23:23:49.133,1.44799,1.44829,1.28,1.43
2013.04.03 23:23:49.983,1.448,1.44829,1.80,1.43
2013.04.03 23:24:09.239,1.44798,1.44829,2.85,1.35
2013.04.03 23:24:19.454,1.448,1.44829,1.80,1.73
2013.04.03 23:24:19.633,1.44801,1.44829,1.13,1.73
2013.04.03 23:24:29.656,1.44801,1.44829,1.13,1.43
2013.04.03 23:24:30.260,1.44801,1.44829,1.13,1.43
2013.04.03 23:24:35.393,1.44803,1.44829,1.80,1.43
2013.04.03 23:24:35.573,1.44803,1.44835,2.33,3.68
2013.04.03 23:24:36.054,1.44809,1.44835,1.80,1.05
2013.04.03 23:24:36.113,1.44809,1.44836,1.80,2.03
2013.04.03 23:24:36.649,1.44809,1.44836,1.80,1.50
2013.04.03 23:24:43.846,1.44809,1.44836,1.80,1.88
2013.04.03 23:24:53.059,1.44809,1.44836,1.80,1.88
2013.04.03 23:24:55.813,1.44809,1.44836,1.80,1.88
2013.04.03 23:25:00.903,1.44809,1.44838,1.80,2.40
2013.04.03 23:25:01.442,1.44809,1.44835,1.80,1.50
2013.04.03 23:25:01.743,1.44804,1.44834,2.18,1.05
2013.04.03 23:25:18.573,1.44808,1.44838,1.28,1.43
2013.04.03 23:25:31.481,1.44808,1.44836,1.28,1.28
2013.04.03 23:25:31.784,1.448,1.44827,1.28,1.65
2013.04.03 23:25:31.844,1.44795,1.44821,1.28,1.13
2013.04.03 23:25:32.152,1.44786,1.44816,1.50,2.70
2013.04.03 23:25:32.214,1.44786,1.44812,1.50,1.35
2013.04.03 23:25:32.573,1.44781,1.44809,1.28,2.10
2013.04.03 23:25:33.053,1.44776,1.44805,1.13,1.28
2013.04.03 23:25:33.115,1.44776,1.44804,1.13,1.50
2013.04.03 23:25:33.293,1.44775,1.44803,1.28,1.13
2013.04.03 23:25:33.413,1.44769,1.44798,1.28,1.28
2013.04.03 23:25:33.474,1.44765,1.44793,1.13,1.05
2013.04.03 23:25:37.103,1.44767,1.44797,1.80,1.43
2013.04.03 23:25:42.145,1.44767,1.44797,1.80,1.05
2013.04.03 23:25:42.743,1.44767,1.44797,1.80,1.05
2013.04.03 23:25:43.415,1.44767,1.44797,1.80,1.05
2013.04.03 23:25:53.424,1.44772,1.44801,1.13,1.05
2013.04.03 23:25:54.785,1.44773,1.44801,1.13,1.05
2013.04.03 23:25:55.244,1.44775,1.44806,1.28,1.43
2013.04.03 23:25:58.123,1.44778,1.44806,1.13,1.05
2013.04.03 23:25:58.704,1.44777,1.44806,2.18,1.05
2013.04.03 23:25:59.254,1.44777,1.44806,2.18,1.05
2013.04.03 23:26:00.414,1.44774,1.44805,1.05,1.28
2013.04.03 23:26:01.373,1.44775,1.44806,1.28,1.05
2013.04.03 23:26:01.613,1.44781,1.44808,1.28,1.28
2013.04.03 23:26:02.373,1.44782,1.4481,1.13,1.43
2013.04.03 23:26:02.613,1.44786,1.44814,1.28,1.65
2013.04.03 23:26:06.403,1.44786,1.44814,1.28,2.03
2013.04.03 23:26:14.125,1.44786,1.44814,1.28,1.65
2013.04.03 23:26:15.664,1.44786,1.44814,1.28,1.65
2013.04.03 23:26:18.033,1.44786,1.44815,1.28,3.53
2013.04.03 23:26:20.674,1.44786,1.44814,1.65,1.65
2013.04.03 23:26:21.384,1.44783,1.44813,1.73,1.13
2013.04.03 23:26:22.444,1.44781,1.44812,2.85,1.28
2013.04.03 23:26:31.165,1.44784,1.44812,1.28,1.28
2013.04.03 23:26:31.283,1.44781,1.44812,2.48,1.28
2013.04.03 23:26:31.444,1.44785,1.44814,1.13,1.65
2013.04.03 23:26:31.843,1.44782,1.44812,1.65,1.28
2013.04.03 23:26:36.614,1.44785,1.44813,1.13,1.65
2013.04.03 23:26:38.703,1.44785,1.44814,1.13,1.28
2013.04.03 23:26:40.136,1.44781,1.44814,2.48,1.65
2013.04.03 23:26:41.104,1.44784,1.44815,1.65,1.35
2013.04.03 23:26:42.583,1.44785,1.44817,1.28,1.05
2013.04.03 23:26:46.689,1.44783,1.44815,2.48,1.28
2013.04.03 23:26:48.447,1.44785,1.44817,1.28,1.05
2013.04.03 23:26:52.674,1.44786,1.44817,1.13,1.43
2013.04.03 23:26:57.545,1.44786,1.44817,1.13,1.43
2013.04.03 23:26:57.606,1.44786,1.44817,1.13,1.43
2013.04.03 23:26:57.723,1.44786,1.44817,1.13,1.43
2013.04.03 23:26:58.204,1.44786,1.44817,1.13,1.43
2013.04.03 23:27:03.985,1.44785,1.44815,1.43,1.28
2013.04.03 23:27:04.225,1.44786,1.44817,1.28,1.43
2013.04.03 23:27:05.705,1.44785,1.44815,1.43,1.28
2013.04.03 23:27:06.208,1.44787,1.44817,1.28,1.05
2013.04.03 23:27:06.974,1.44791,1.44817,1.05,1.05
2013.04.03 23:27:07.494,1.44792,1.44815,1.05,1.28
2013.04.03 23:27:07.683,1.44785,1.44815,2.48,1.28
2013.04.03 23:27:07.933,1.44787,1.44817,1.28,1.05
2013.04.03 23:27:08.116,1.44791,1.4482,1.28,1.73
2013.04.03 23:27:08.175,1.44791,1.44821,1.28,1.43
2013.04.03 23:27:08.713,1.44791,1.44821,1.28,1.05
2013.04.03 23:27:09.290,1.4479,1.44821,2.10,1.05
2013.04.03 23:27:14.063,1.44791,1.44821,1.65,1.05
2013.04.03 23:27:14.243,1.44797,1.44828,1.28,1.65
2013.04.03 23:27:14.724,1.44801,1.44828,1.05,1.28
2013.04.03 23:27:15.663,1.44801,1.44828,1.43,1.28
2013.04.03 23:27:34.303,1.44801,1.44828,1.95,1.28
2013.04.03 23:27:46.544,1.44803,1.4483,1.80,1.05
2013.04.03 23:27:47.354,1.44804,1.4483,1.80,1.05
2013.04.03 23:27:54.444,1.44806,1.44833,1.13,1.05
2013.04.03 23:28:00.194,1.44802,1.44833,1.28,1.05
2013.04.03 23:28:00.855,1.44805,1.44833,1.50,1.05
2013.04.03 23:28:03.964,1.44802,1.44833,3.08,1.05
2013.04.03 23:28:04.084,1.44802,1.44833,3.08,1.05
2013.04.03 23:28:04.324,1.44806,1.44837,1.43,1.43
2013.04.03 23:28:24.393,1.44804,1.44836,1.43,1.43
2013.04.03 23:28:41.764,1.44804,1.44836,1.80,1.05
2013.04.03 23:28:59.155,1.44806,1.44836,1.65,1.05
2013.04.03 23:28:59.453,1.44811,1.44841,2.33,1.35
2013.04.03 23:29:18.905,1.44809,1.44838,1.95,1.28
2013.04.03 23:29:19.523,1.44811,1.44841,1.28,1.05
2013.04.03 23:29:23.343,1.44811,1.44842,1.28,1.35
2013.04.03 23:29:23.524,1.44811,1.44842,1.28,1.35
2013.04.03 23:29:25.774,1.44812,1.44842,1.05,1.35
2013.04.03 23:29:26.284,1.44812,1.44842,1.80,1.35
2013.04.03 23:29:28.444,1.44812,1.44842,1.80,1.35
2013.04.03 23:29:29.943,1.44814,1.44842,1.05,1.35
2013.04.03 23:29:30.482,1.44813,1.44842,1.05,1.35
2013.04.03 23:29:31.143,1.44814,1.44842,1.05,1.35
2013.04.03 23:29:31.203,1.44814,1.44843,1.58,1.28
2013.04.03 23:29:31.865,1.44817,1.44849,1.35,1.28
2013.04.03 23:29:32.404,1.44817,1.44848,1.35,1.28
2013.04.03 23:29:32.524,1.44816,1.44844,1.05,1.28
2013.04.03 23:29:33.029,1.44815,1.44844,1.58,1.28
2013.04.03 23:29:45.584,1.44815,1.44845,2.33,1.80
2013.04.03 23:29:45.963,1.44815,1.44844,1.95,1.28
2013.04.03 23:29:52.583,1.44815,1.44843,1.58,1.28
2013.04.03 23:29:58.924,1.44813,1.44842,1.58,1.28
2013.04.03 23:29:59.165,1.44812,1.44843,3.15,1.28
2013.04.03 23:29:59.465,1.44812,1.44842,2.40,1.28
2013.04.03 23:29:59.793,1.44815,1.44845,1.65,1.73
2013.04.03 23:29:59.853,1.44812,1.44843,2.78,1.28
2013.04.03 23:30:00.214,1.44808,1.44841,2.33,1.05
2013.04.03 23:30:00.294,1.44808,1.44841,1.95,1.05
2013.04.03 23:30:01.193,1.44809,1.44841,1.28,1.05
2013.04.03 23:30:01.636,1.44809,1.44841,1.28,1.05
2013.04.03 23:30:02.894,1.44811,1.44839,2.18,1.28
2013.04.03 23:30:04.362,1.4481,1.44841,1.13,1.05
2013.04.03 23:30:05.916,1.4481,1.44839,1.13,1.28
2013.04.03 23:30:10.206,1.44811,1.44841,1.80,1.43
2013.04.03 23:30:10.514,1.44813,1.44841,1.80,1.05
2013.04.03 23:30:11.134,1.44813,1.44841,1.80,1.05
2013.04.03 23:30:13.714,1.44814,1.44841,1.80,1.05
2013.04.03 23:30:13.834,1.44815,1.44845,1.28,1.28
2013.04.03 23:30:15.883,1.44816,1.44845,1.80,1.28
2013.04.03 23:30:18.444,1.44816,1.44845,1.13,1.28
2013.04.03 23:30:18.903,1.44816,1.44845,1.13,1.28
2013.04.03 23:30:19.646,1.44816,1.44845,1.13,1.28
2013.04.03 23:30:21.315,1.44816,1.44847,1.13,2.18
2013.04.03 23:30:21.494,1.44816,1.44845,1.13,1.28
2013.04.03 23:30:23.216,1.44816,1.44845,1.50,1.28
2013.04.03 23:30:24.353,1.44819,1.44845,1.13,1.28
2013.04.03 23:30:29.559,1.44817,1.44845,1.13,1.28
2013.04.03 23:30:30.695,1.44816,1.44845,1.13,1.28
2013.04.03 23:30:30.934,1.44821,1.4485,1.28,1.28
2013.04.03 23:30:30.994,1.44821,1.4485,1.65,1.28
2013.04.03 23:30:31.494,1.44821,1.4485,1.28,1.28
2013.04.03 23:30:31.915,1.44821,1.4485,1.28,1.28
2013.04.03 23:30:37.223,1.44821,1.4485,1.65,1.28
2013.04.03 23:30:37.769,1.44821,1.4485,1.28,1.28
2013.04.03 23:30:43.028,1.44821,1.4485,1.28,1.28
2013.04.03 23:30:55.393,1.44819,1.44849,1.65,1.28
2013.04.03 23:30:55.813,1.44816,1.44839,1.13,1.05
2013.04.03 23:30:56.414,1.44812,1.44838,1.13,1.28
2013.04.03 23:31:18.224,1.44812,1.44839,1.28,1.28
2013.04.03 23:31:46.914,1.44812,1.44842,1.80,1.80
2013.04.03 23:31:47.214,1.44808,1.44836,2.33,1.28
2013.04.03 23:31:47.694,1.44813,1.44843,1.28,2.48
2013.04.03 23:31:49.434,1.44817,1.44843,1.28,1.13
2013.04.03 23:31:49.505,1.44817,1.44845,1.28,2.03
2013.04.03 23:31:54.954,1.44822,1.44848,1.13,2.10
2013.04.03 23:31:55.075,1.44822,1.4485,2.03,1.13
2013.04.03 23:31:56.149,1.44822,1.44851,4.20,1.28
2013.04.03 23:31:59.233,1.44826,1.44855,1.43,2.03
2013.04.03 23:32:18.084,1.44822,1.44851,3.45,1.28
2013.04.03 23:32:18.613,1.44823,1.44851,1.28,1.28
2013.04.03 23:32:24.355,1.44822,1.44851,1.65,1.28
2013.04.03 23:32:28.155,1.44822,1.44851,1.65,1.28
2013.04.03 23:32:56.361,1.44823,1.44851,1.28,1.28
2013.04.03 23:32:56.747,1.44822,1.44851,1.65,1.28
2013.04.03 23:32:58.120,1.44822,1.4485,1.13,1.28
2013.04.03 23:32:59.095,1.44819,1.4485,1.80,1.28
2013.04.03 23:33:01.574,1.44818,1.44845,1.13,1.28
2013.04.03 23:33:01.635,1.44816,1.44845,2.03,1.28
2013.04.03 23:33:01.755,1.44816,1.44844,1.13,1.95
2013.04.03 23:33:01.814,1.44812,1.44842,2.63,1.35
2013.04.03 23:33:02.234,1.44812,1.44839,1.13,1.28
2013.04.03 23:33:03.645,1.44812,1.44842,1.13,1.73
2013.04.03 23:33:06.135,1.44811,1.44839,1.65,1.28
2013.04.03 23:33:07.585,1.44811,1.44839,1.28,1.28
2013.04.03 23:33:08.726,1.44811,1.44839,1.28,1.28
2013.04.03 23:33:09.145,1.44811,1.44839,1.65,1.28
2013.04.03 23:33:09.514,1.44811,1.44839,1.28,1.28
2013.04.03 23:33:10.985,1.44814,1.44842,1.80,1.35
2013.04.03 23:33:11.044,1.44815,1.44844,1.28,2.55
2013.04.03 23:33:11.104,1.44815,1.44844,1.28,2.03
2013.04.03 23:33:15.904,1.44815,1.44844,1.65,1.65
2013.04.03 23:33:18.615,1.44815,1.44844,1.28,1.28
2013.04.03 23:33:19.094,1.44817,1.44847,1.35,1.13
2013.04.03 23:33:19.454,1.4482,1.44848,1.28,1.28
2013.04.03 23:33:20.165,1.4482,1.44848,1.28,1.28
2013.04.03 23:33:24.395,1.4482,1.44848,1.28,1.28
2013.04.03 23:33:31.496,1.4482,1.44848,1.28,1.28
2013.04.03 23:33:31.814,1.4482,1.44848,1.28,1.28
2013.04.03 23:33:39.094,1.4482,1.44848,1.13,1.28
2013.04.03 23:33:41.225,1.4482,1.44847,1.13,1.28
2013.04.03 23:33:41.505,1.4482,1.44848,1.13,1.28
2013.04.03 23:33:43.424,1.4482,1.44847,1.13,1.28
2013.04.03 23:33:43.666,1.44817,1.44843,1.13,1.28
2013.04.03 23:33:44.145,1.44812,1.44837,2.25,1.28
2013.04.03 23:33:44.207,1.44812,1.44837,1.50,1.28
2013.04.03 23:33:44.825,1.44803,1.44833,2.78,1.28
2013.04.03 23:33:57.896,1.44806,1.44833,1.05,1.28
2013.04.03 23:33:58.076,1.44799,1.44828,1.28,1.65
2013.04.03 23:34:02.864,1.44798,1.44827,1.80,1.20
2013.04.03 23:34:10.112,1.448,1.44824,1.80,1.80
2013.04.03 23:34:10.738,1.448,1.44827,1.80,1.13
2013.04.03 23:34:20.515,1.44801,1.44828,1.13,1.28
2013.04.03 23:34:32.155,1.44802,1.44829,1.13,1.28
2013.04.03 23:34:45.686,1.448,1.4483,1.80,1.05
2013.04.03 23:34:45.924,1.448,1.44828,2.18,1.28
2013.04.03 23:34:46.125,1.44801,1.4483,1.13,1.05
2013.04.03 23:34:46.325,1.44805,1.44834,1.28,1.80
2013.04.03 23:34:46.445,1.44805,1.44834,1.28,1.05
2013.04.03 23:34:46.807,1.44805,1.44834,1.28,1.05
2013.04.03 23:34:47.105,1.44811,1.44842,1.13,1.05
2013.04.03 23:34:52.765,1.44812,1.44842,1.13,1.05
2013.04.03 23:34:53.205,1.44812,1.44842,1.13,1.05
2013.04.03 23:34:53.385,1.44812,1.44842,1.13,1.05
2013.04.03 23:34:53.964,1.44812,1.44842,1.13,1.05
2013.04.03 23:34:55.823,1.44815,1.44844,1.28,1.28
2013.04.03 23:35:12.149,1.44815,1.44844,1.28,1.65
2013.04.03 23:36:12.332,1.4481,1.44842,1.43,1.05
2013.04.03 23:36:15.989,1.4481,1.44843,1.43,1.80
2013.04.03 23:36:18.076,1.44811,1.44843,1.28,2.55
2013.04.03 23:36:25.135,1.44815,1.44842,1.13,1.28
2013.04.03 23:36:39.918,1.44811,1.44839,1.28,1.50
2013.04.03 23:36:40.215,1.44806,1.44834,1.65,2.03
2013.04.03 23:36:40.695,1.44806,1.44829,1.65,1.13
2013.04.03 23:36:50.224,1.44806,1.44834,1.28,2.03
2013.04.03 23:36:55.094,1.44806,1.44836,1.28,1.80
2013.04.03 23:37:00.096,1.44805,1.44836,1.28,1.73
2013.04.03 23:37:20.154,1.4481,1.44834,1.13,1.65
2013.04.03 23:37:20.644,1.44799,1.4483,3.15,1.73
2013.04.03 23:37:40.654,1.448,1.44831,1.28,1.73
2013.04.03 23:37:40.774,1.448,1.44829,1.28,1.28
2013.04.03 23:37:58.225,1.448,1.44829,1.28,1.28
2013.04.03 23:37:58.984,1.448,1.44827,1.28,1.28
2013.04.03 23:38:04.886,1.44798,1.44827,2.40,1.28
2013.04.03 23:38:05.486,1.44799,1.44827,1.28,1.28
2013.04.03 23:38:06.045,1.44794,1.44823,2.40,1.28
2013.04.03 23:38:08.278,1.44794,1.44822,2.03,1.13
2013.04.03 23:38:08.395,1.44796,1.44822,1.13,1.13
2013.04.03 23:38:08.516,1.44794,1.44818,1.50,1.28
2013.04.03 23:38:08.878,1.44794,1.44818,1.50,1.28
2013.04.03 23:38:08.947,1.44796,1.44819,1.13,1.28
2013.04.03 23:38:10.416,1.44794,1.44818,1.50,1.28
2013.04.03 23:38:13.357,1.44799,1.4482,1.13,1.05
2013.04.03 23:38:13.595,1.44796,1.44825,1.28,1.65
2013.04.03 23:38:13.659,1.44796,1.44826,1.28,1.80
2013.04.03 23:38:21.206,1.44796,1.44825,1.28,1.65
2013.04.03 23:38:21.347,1.44796,1.44825,1.28,1.65
2013.04.03 23:38:31.647,1.44796,1.44826,1.65,1.43
2013.04.03 23:38:33.596,1.44796,1.44825,1.28,1.28
2013.04.03 23:38:53.166,1.44796,1.44827,1.28,2.10
2013.04.03 23:38:53.405,1.448,1.44828,1.28,1.50
2013.04.03 23:38:53.885,1.448,1.4483,1.28,1.65
2013.04.03 23:39:03.560,1.448,1.44831,1.28,2.18
2013.04.03 23:39:07.480,1.44803,1.44831,1.13,1.05
2013.04.03 23:39:07.605,1.44803,1.4483,1.13,1.28
2013.04.03 23:39:08.145,1.44807,1.44835,1.28,1.13
2013.04.03 23:39:32.040,1.44803,1.44833,1.28,1.05
2013.04.03 23:39:46.677,1.44802,1.44832,1.80,1.28
2013.04.03 23:39:52.018,1.44802,1.44833,1.80,1.65
2013.04.03 23:40:11.974,1.44802,1.4483,1.28,1.28
2013.04.03 23:40:26.005,1.44802,1.44832,1.80,1.13
2013.04.03 23:40:27.195,1.44804,1.44833,1.05,1.13
2013.04.03 23:40:27.626,1.44806,1.44833,1.05,1.13
2013.04.03 23:40:30.705,1.44806,1.44833,1.05,1.13
2013.04.03 23:40:31.388,1.44811,1.44837,1.28,1.43
2013.04.03 23:40:31.897,1.44811,1.44839,1.80,2.25
2013.04.03 23:40:35.468,1.44811,1.44839,1.80,2.25
2013.04.03 23:40:48.045,1.44811,1.44839,2.18,1.50
2013.04.03 23:40:48.105,1.44811,1.44837,1.43,1.50
2013.04.03 23:40:50.955,1.44814,1.44842,1.05,1.13
2013.04.03 23:40:54.865,1.44814,1.44842,1.05,1.13
2013.04.03 23:41:10.906,1.44814,1.44843,1.35,2.55
2013.04.03 23:41:16.757,1.44816,1.4484,1.05,1.13
2013.04.03 23:41:16.877,1.44811,1.44838,1.28,1.80
2013.04.03 23:41:24.039,1.44811,1.44832,1.28,1.05
2013.04.03 23:41:24.345,1.44809,1.44832,1.43,1.80
2013.04.03 23:41:30.665,1.44811,1.44832,1.28,1.05
2013.04.03 23:41:32.258,1.44811,1.44832,1.28,1.05
2013.04.03 23:41:32.318,1.44811,1.44832,1.28,1.05
2013.04.03 23:41:34.124,1.44811,1.44835,1.28,1.13
2013.04.03 23:41:34.575,1.44812,1.44835,1.58,1.13
2013.04.03 23:41:34.636,1.44815,1.44841,1.35,1.88
2013.04.03 23:41:35.007,1.44818,1.44846,1.80,1.13
2013.04.03 23:41:35.066,1.44819,1.44848,1.28,2.03
2013.04.03 23:41:35.126,1.44824,1.44851,1.65,1.50
2013.04.03 23:41:35.185,1.44825,1.44853,1.28,1.13
2013.04.03 23:41:35.245,1.44825,1.44854,1.28,1.13
2013.04.03 23:41:35.305,1.44826,1.44854,1.58,1.13
2013.04.03 23:41:35.665,1.44832,1.44858,1.05,1.13
2013.04.03 23:41:35.785,1.44832,1.44858,1.05,1.13
2013.04.03 23:41:36.325,1.44826,1.44857,1.28,1.28
2013.04.03 23:42:23.936,1.44828,1.44859,1.28,1.80
2013.04.03 23:42:24.235,1.44831,1.4486,1.80,1.80
2013.04.03 23:42:24.596,1.44829,1.44858,1.65,1.05
2013.04.03 23:42:31.323,1.44827,1.44856,1.80,1.28
2013.04.03 23:42:31.626,1.44821,1.44851,1.43,1.13
2013.04.03 23:42:31.865,1.44817,1.44847,2.18,1.28
2013.04.03 23:42:33.747,1.44813,1.44843,2.03,1.28
2013.04.03 23:42:38.887,1.44815,1.44843,1.13,1.28
2013.04.03 23:42:47.837,1.44811,1.4484,2.63,1.28
2013.04.03 23:42:51.075,1.44812,1.44838,2.25,1.13
2013.04.03 23:42:54.627,1.44812,1.44842,2.25,2.48
2013.04.03 23:42:54.746,1.44812,1.44838,2.25,1.13
2013.04.03 23:42:54.899,1.44812,1.44842,2.25,2.48
2013.04.03 23:42:55.216,1.44811,1.44837,1.88,1.13
2013.04.03 23:42:55.618,1.44811,1.44839,2.63,1.13
2013.04.03 23:42:56.166,1.44816,1.44843,1.28,1.28
2013.04.03 23:42:56.286,1.44816,1.44844,1.28,1.28
2013.04.03 23:43:16.228,1.44817,1.44845,1.28,1.13
2013.04.03 23:43:17.208,1.44817,1.44846,1.28,1.28
2013.04.03 23:43:17.416,1.44817,1.44846,1.28,1.28
2013.04.03 23:43:18.205,1.44817,1.44846,1.28,1.28
2013.04.03 23:43:28.409,1.44816,1.44846,3.30,1.28
2013.04.03 23:43:30.668,1.44817,1.44846,1.28,1.65
2013.04.03 23:43:31.922,1.44816,1.44846,1.43,1.65
2013.04.03 23:43:35.404,1.44816,1.44846,2.18,1.65
2013.04.03 23:43:38.947,1.44814,1.44845,3.30,1.28
2013.04.03 23:43:41.526,1.44814,1.44845,3.30,1.28
2013.04.03 23:43:43.976,1.44815,1.44845,2.40,1.28
2013.04.03 23:43:44.036,1.44816,1.44844,1.58,1.13
2013.04.03 23:43:44.395,1.44819,1.44845,1.05,1.13
2013.04.03 23:43:44.697,1.44818,1.44844,1.50,1.28
2013.04.03 23:43:46.107,1.44817,1.44844,1.50,1.28
2013.04.03 23:43:50.705,1.44818,1.44844,1.50,1.28
2013.04.03 23:43:55.685,1.44818,1.44844,1.50,1.28
2013.04.03 23:43:57.859,1.44816,1.44844,3.53,1.28
2013.04.03 23:43:58.626,1.44817,1.44844,1.50,1.65
2013.04.03 23:43:59.257,1.44817,1.44844,1.50,1.65
2013.04.03 23:43:59.666,1.44817,1.44844,1.50,1.28
2013.04.03 23:43:59.873,1.44817,1.44844,1.50,1.28
2013.04.03 23:44:00.538,1.44817,1.44844,1.50,1.28
2013.04.03 23:44:01.289,1.44817,1.44844,2.25,1.28
2013.04.03 23:44:01.955,1.44817,1.44844,2.25,1.28
2013.04.03 23:44:03.108,1.44817,1.44844,1.50,1.28
2013.04.03 23:44:03.497,1.44818,1.4484,1.50,1.65
2013.04.03 23:44:03.556,1.44816,1.4484,1.50,1.65
2013.04.03 23:44:03.915,1.4481,1.4484,2.93,1.28
2013.04.03 23:44:04.157,1.44811,1.44835,1.13,1.28
2013.04.03 23:44:04.276,1.44807,1.44835,1.28,1.28
2013.04.03 23:44:04.456,1.44803,1.44832,2.33,1.28
2013.04.03 23:44:04.816,1.44798,1.44825,2.40,1.28
2013.04.03 23:44:09.215,1.44801,1.44825,1.13,1.28
2013.04.03 23:44:14.950,1.448,1.4483,2.78,1.65
2013.04.03 23:44:15.328,1.44804,1.44834,1.05,1.65
2013.04.03 23:44:17.856,1.44806,1.44836,1.28,1.05
2013.04.03 23:44:19.459,1.44806,1.44834,1.28,1.28
2013.04.03 23:44:19.885,1.44802,1.44831,2.03,1.05
2013.04.03 23:44:20.065,1.44807,1.44838,1.28,2.55
2013.04.03 23:44:22.917,1.44807,1.44835,1.28,1.13
2013.04.03 23:44:24.845,1.44804,1.44833,1.28,1.28
2013.04.03 23:44:34.686,1.44804,1.44831,1.28,1.28
2013.04.03 23:44:38.156,1.44804,1.44833,1.28,1.28
2013.04.03 23:44:40.248,1.44805,1.44834,1.13,2.10
2013.04.03 23:44:40.305,1.44808,1.44835,1.28,1.13
2013.04.03 23:44:41.045,1.44811,1.44839,1.28,1.13
2013.04.03 23:44:44.826,1.44806,1.44837,1.65,1.28
2013.04.03 23:44:45.505,1.44803,1.44833,2.25,1.05
2013.04.03 23:44:59.297,1.44803,1.44827,2.25,1.05
2013.04.03 23:44:59.477,1.44801,1.44827,2.25,1.05
2013.04.03 23:45:00.907,1.44799,1.44827,1.13,1.05
2013.04.03 23:45:01.207,1.44802,1.44832,1.28,1.28
2013.04.03 23:45:08.886,1.44803,1.44833,1.13,1.80
2013.04.03 23:45:21.065,1.44804,1.44833,1.28,1.80
2013.04.03 23:45:51.736,1.44805,1.44833,1.50,1.05
2013.04.03 23:45:51.855,1.44809,1.44838,1.28,1.05
2013.04.03 23:46:11.886,1.44808,1.44838,1.28,1.05
2013.04.03 23:46:12.578,1.44808,1.44839,1.65,1.65
2013.04.03 23:46:17.127,1.44808,1.44839,1.65,1.28
2013.04.03 23:46:32.116,1.44807,1.44838,1.65,1.43
2013.04.03 23:46:42.430,1.44807,1.44838,1.65,1.43
2013.04.03 23:46:52.096,1.44807,1.44837,1.13,1.73
2013.04.03 23:47:12.055,1.44808,1.44836,1.13,1.35
2013.04.03 23:47:21.406,1.44808,1.44833,1.13,1.28
2013.04.03 23:47:21.706,1.44808,1.44836,1.13,1.73
2013.04.03 23:47:24.555,1.44811,1.44841,1.28,1.05
2013.04.03 23:47:24.675,1.44811,1.44841,1.28,1.05
2013.04.03 23:47:25.095,1.44815,1.44845,1.28,1.28
2013.04.03 23:47:25.216,1.44815,1.44846,2.33,1.28
2013.04.03 23:47:25.517,1.44819,1.44845,1.13,1.80
2013.04.03 23:47:25.756,1.44819,1.44844,1.13,1.13
2013.04.03 23:47:25.816,1.44819,1.44844,1.13,1.95
2013.04.03 23:47:26.116,1.44819,1.44845,1.13,1.13
2013.04.03 23:47:51.067,1.44816,1.44844,1.28,1.65
2013.04.03 23:47:52.935,1.44812,1.44838,1.13,1.28
2013.04.03 23:47:54.246,1.44812,1.44838,1.13,1.65
2013.04.03 23:47:56.925,1.44812,1.44839,1.13,2.37
2013.04.03 23:47:56.986,1.44812,1.44839,1.13,1.43
2013.04.03 23:47:57.346,1.44813,1.44843,1.28,2.10
2013.04.03 23:47:59.187,1.44812,1.44838,1.13,1.73
2013.04.03 23:47:59.486,1.44813,1.44842,1.28,1.05
2013.04.03 23:48:04.656,1.44813,1.44841,1.28,1.28
2013.04.03 23:48:17.376,1.44813,1.44842,1.28,1.80
2013.04.03 23:48:19.296,1.44811,1.44842,1.28,2.10
2013.04.03 23:48:39.148,1.44809,1.4484,2.78,1.80
2013.04.03 23:48:53.092,1.4481,1.4484,1.13,1.43
2013.04.03 23:48:53.396,1.44816,1.44844,1.28,1.28
2013.04.03 23:48:53.937,1.4482,1.44843,1.28,2.03
2013.04.03 23:48:54.368,1.44817,1.44849,2.33,1.99
2013.04.03 23:48:54.426,1.44817,1.44849,2.33,1.62
2013.04.03 23:48:55.559,1.44817,1.44849,2.33,1.43
2013.04.03 23:48:56.147,1.44817,1.44849,2.33,1.43
2013.04.03 23:48:57.818,1.44817,1.44842,1.80,1.05
2013.04.03 23:48:57.876,1.44817,1.44842,1.80,1.05
2013.04.03 23:48:58.117,1.44816,1.44841,1.13,1.58
2013.04.03 23:48:59.647,1.44814,1.44837,1.13,1.05
2013.04.03 23:48:59.887,1.44814,1.44839,1.13,2.18
2013.04.03 23:49:00.066,1.44814,1.44838,1.13,1.73
2013.04.03 23:49:00.402,1.44814,1.44835,1.13,1.05
2013.04.03 23:49:00.588,1.44811,1.44835,1.13,1.43
2013.04.03 23:49:01.139,1.44814,1.44835,1.13,1.43
2013.04.03 23:49:01.497,1.44814,1.44835,1.13,1.43
2013.04.03 23:49:11.272,1.44807,1.44835,1.13,1.43
2013.04.03 23:49:17.756,1.44806,1.44834,1.13,1.65
2013.04.03 23:49:21.456,1.44807,1.44835,1.13,1.43
2013.04.03 23:49:29.316,1.44807,1.44833,1.13,1.65
2013.04.03 23:49:29.918,1.44807,1.44833,1.13,1.43
2013.04.03 23:49:42.606,1.44807,1.44833,1.50,1.80
2013.04.03 23:49:42.666,1.44807,1.44833,1.50,1.80
2013.04.03 23:49:49.796,1.44807,1.44833,1.13,1.28
2013.04.03 23:49:50.497,1.44807,1.44833,1.13,1.28
2013.04.03 23:49:53.416,1.44812,1.44837,1.28,1.50
2013.04.03 23:49:55.336,1.44808,1.44838,1.13,1.65
2013.04.03 23:49:55.456,1.44808,1.44838,1.13,1.28
2013.04.03 23:49:55.696,1.44808,1.44838,1.13,1.65
2013.04.03 23:49:56.898,1.44807,1.44839,1.65,1.43
2013.04.03 23:49:57.208,1.44807,1.44833,1.65,1.13
2013.04.03 23:49:57.487,1.44807,1.44838,1.65,1.65
2013.04.03 23:49:58.016,1.44807,1.44838,1.65,1.65
2013.04.03 23:49:58.592,1.44808,1.44839,1.13,1.43
2013.04.03 23:49:58.917,1.44808,1.44839,1.13,2.18
2013.04.03 23:49:59.188,1.44808,1.44839,1.13,1.43
2013.04.03 23:50:01.195,1.44808,1.44838,1.13,1.65
2013.04.03 23:50:02.128,1.44808,1.44839,1.13,1.43
2013.04.03 23:50:08.888,1.44808,1.44839,1.13,1.80
2013.04.03 23:50:10.546,1.44808,1.44839,1.13,1.80
2013.04.03 23:50:12.836,1.44808,1.44839,1.13,1.43
2013.04.03 23:50:13.256,1.44808,1.44839,1.13,1.43
2013.04.03 23:50:15.976,1.4481,1.44841,1.28,1.43
2013.04.03 23:50:16.506,1.44816,1.44842,1.28,1.80
2013.04.03 23:50:17.106,1.44816,1.44844,1.28,1.65
2013.04.03 23:50:17.711,1.44816,1.44843,1.28,1.28
2013.04.03 23:50:27.906,1.44816,1.44844,1.28,2.03
2013.04.03 23:50:32.136,1.44816,1.44843,1.28,1.95
2013.04.03 23:50:32.696,1.44816,1.44844,1.28,1.65
2013.04.03 23:50:57.436,1.44816,1.44841,1.28,1.13
2013.04.03 23:50:59.167,1.44816,1.44844,1.28,1.28
2013.04.03 23:50:59.646,1.44816,1.44844,1.28,1.28
2013.04.03 23:51:07.628,1.44816,1.44844,1.28,1.28
2013.04.03 23:51:13.137,1.44816,1.44844,1.28,2.03
2013.04.03 23:51:13.427,1.44816,1.44839,1.28,1.13
2013.04.03 23:51:17.966,1.44815,1.44839,1.28,1.13
2013.04.03 23:51:19.410,1.44815,1.44841,1.28,1.88
2013.04.03 23:51:19.537,1.44815,1.44837,1.28,1.13
2013.04.03 23:51:21.957,1.44815,1.44838,1.28,1.13
2013.04.03 23:51:28.003,1.44815,1.44835,1.28,1.13
2013.04.03 23:51:29.246,1.44815,1.44836,1.28,1.13
2013.04.03 23:51:35.926,1.44815,1.44836,1.28,1.13
2013.04.03 23:51:35.987,1.44815,1.44833,1.28,1.13
2013.04.03 23:51:36.706,1.44809,1.44833,1.28,1.13
2013.04.03 23:51:38.647,1.44809,1.44833,1.28,1.50
2013.04.03 23:51:39.006,1.44814,1.44836,1.28,1.13
2013.04.03 23:51:42.356,1.44814,1.4484,1.28,1.50
2013.04.03 23:51:42.897,1.44814,1.44836,1.28,1.13
2013.04.03 23:51:45.772,1.44814,1.44836,1.28,1.13
2013.04.03 23:51:48.078,1.44814,1.4484,1.28,1.50
2013.04.03 23:51:55.416,1.44814,1.44838,1.28,1.50
2013.04.03 23:52:00.017,1.44814,1.44836,1.28,1.13
2013.04.03 23:52:03.226,1.44814,1.44835,1.28,1.13
2013.04.03 23:52:04.106,1.44814,1.44836,1.28,1.13
2013.04.03 23:52:05.377,1.44814,1.44837,1.28,1.13
2013.04.03 23:52:07.827,1.44814,1.44836,1.28,1.13
2013.04.03 23:52:09.646,1.44814,1.44837,1.28,1.13
2013.04.03 23:52:17.939,1.44809,1.44835,3.15,1.13
2013.04.03 23:52:22.197,1.44811,1.44836,1.80,1.13
2013.04.03 23:52:23.377,1.44811,1.44839,1.80,2.18
2013.04.03 23:52:29.416,1.44811,1.44836,1.80,1.13
2013.04.03 23:52:35.388,1.44812,1.44839,1.80,2.18
2013.04.03 23:52:36.296,1.44812,1.44839,2.33,1.13
2013.04.03 23:52:38.669,1.44812,1.44839,1.58,1.13
2013.04.03 23:52:41.417,1.44812,1.44839,1.28,1.13
2013.04.03 23:52:41.722,1.44811,1.44834,1.13,1.13
2013.04.03 23:52:43.317,1.44811,1.44831,1.13,1.13
2013.04.03 23:52:45.516,1.44811,1.44833,1.13,1.13
2013.04.03 23:52:49.780,1.44807,1.44831,1.28,1.13
2013.04.03 23:52:49.838,1.44807,1.44831,1.28,1.13
2013.04.03 23:52:50.986,1.44807,1.44833,1.28,1.13
2013.04.03 23:52:51.668,1.44807,1.44833,1.28,1.13
2013.04.03 23:52:54.667,1.44807,1.44833,1.28,1.13
2013.04.03 23:53:01.727,1.44805,1.44829,1.28,1.13
2013.04.03 23:53:09.438,1.44805,1.44829,1.28,1.13
2013.04.03 23:53:10.644,1.44805,1.44829,1.28,1.13
2013.04.03 23:53:11.127,1.44805,1.44829,1.28,1.13
2013.04.03 23:53:13.562,1.44805,1.44829,1.28,1.13
2013.04.03 23:53:14.640,1.44805,1.44831,1.28,1.13
2013.04.03 23:53:16.918,1.44805,1.44831,1.28,1.13
2013.04.03 23:53:20.280,1.44805,1.44828,1.28,1.13
2013.04.03 23:53:23.677,1.44804,1.44832,2.18,1.65
2013.04.03 23:53:36.348,1.44804,1.44831,1.13,1.65
2013.04.03 23:53:36.408,1.44804,1.44827,1.13,1.13
2013.04.03 23:53:36.947,1.44798,1.44826,1.65,1.65
2013.04.03 23:53:37.007,1.44796,1.44822,3.15,1.13
2013.04.03 23:53:37.248,1.44796,1.44817,3.15,1.13
2013.04.03 23:53:37.367,1.44793,1.44817,1.13,1.13
2013.04.03 23:53:37.427,1.44792,1.44816,2.40,1.13
2013.04.03 23:53:37.788,1.44786,1.44812,2.33,1.28
2013.04.03 23:53:37.967,1.44784,1.44808,1.13,1.13
2013.04.03 23:53:39.709,1.44783,1.44808,2.25,1.13
2013.04.03 23:53:39.977,1.44783,1.44808,2.25,1.13
2013.04.03 23:53:40.778,1.44783,1.44808,2.25,1.13
2013.04.03 23:53:40.837,1.44783,1.4481,2.25,1.65
2013.04.03 23:53:47.188,1.44783,1.4481,2.25,1.65
2013.04.03 23:53:47.427,1.44783,1.44809,1.50,1.13
2013.04.03 23:53:48.024,1.44783,1.44809,1.50,1.13
2013.04.03 23:53:50.478,1.44785,1.44809,1.50,1.13
2013.04.03 23:53:51.017,1.44785,1.4481,2.25,1.65
2013.04.03 23:53:51.382,1.44783,1.4481,2.25,1.65
2013.04.03 23:53:52.727,1.44783,1.4481,2.25,1.65
2013.04.03 23:53:57.267,1.44783,1.44808,2.25,1.13
2013.04.03 23:54:01.788,1.44784,1.44807,2.25,1.13
2013.04.03 23:54:07.595,1.44782,1.44808,1.65,1.13
2013.04.03 23:54:10.527,1.44786,1.44812,1.80,1.80
2013.04.03 23:54:10.648,1.44788,1.44812,1.80,1.28
2013.04.03 23:54:10.887,1.4479,1.44813,1.80,1.13
2013.04.03 23:54:12.217,1.44791,1.44814,1.28,1.13
2013.04.03 23:54:12.677,1.44791,1.44814,1.28,1.13
2013.04.03 23:54:28.047,1.44792,1.44816,1.13,1.13
2013.04.03 23:54:30.596,1.44792,1.44818,1.13,1.13
2013.04.03 23:54:32.888,1.44792,1.44817,1.13,1.13
2013.04.03 23:54:40.623,1.44791,1.44817,1.13,1.13
2013.04.03 23:54:44.227,1.4479,1.44815,1.13,1.13
2013.04.03 23:54:47.531,1.44791,1.44818,1.13,1.88
2013.04.03 23:54:48.046,1.44792,1.4482,1.80,1.43
2013.04.03 23:54:48.166,1.44794,1.44821,1.05,1.13
2013.04.03 23:54:53.547,1.44794,1.44819,1.43,1.13
2013.04.03 23:54:53.987,1.44794,1.44823,1.43,1.88
2013.04.03 23:54:56.580,1.44794,1.44822,1.43,1.13
2013.04.03 23:54:56.659,1.44795,1.44822,1.28,1.13
2013.04.03 23:54:57.937,1.44794,1.44822,1.43,1.13
2013.04.03 23:55:00.539,1.44794,1.44821,1.43,1.13
2013.04.03 23:55:01.467,1.44795,1.44821,1.28,1.13
2013.04.03 23:55:02.419,1.44794,1.44821,1.43,1.13
2013.04.03 23:55:04.237,1.44795,1.44821,1.28,1.13
2013.04.03 23:55:04.887,1.44795,1.44821,2.33,1.13
2013.04.03 23:55:08.054,1.44802,1.44824,1.28,1.13
2013.04.03 23:55:21.287,1.44802,1.44826,1.28,1.13
2013.04.03 23:55:27.207,1.44802,1.44825,1.28,1.13
2013.04.03 23:55:44.132,1.44802,1.44826,1.65,1.13
2013.04.03 23:55:45.447,1.44802,1.44826,2.18,1.13
2013.04.03 23:55:48.067,1.44802,1.44827,2.18,1.13
2013.04.03 23:55:51.807,1.44802,1.44827,2.18,1.13
2013.04.03 23:56:03.564,1.44802,1.44825,1.80,1.13
2013.04.03 23:56:15.426,1.44802,1.44826,1.05,1.13
2013.04.03 23:56:25.507,1.44802,1.44826,1.05,1.13
2013.04.03 23:56:27.211,1.44801,1.44828,1.05,1.13
2013.04.03 23:56:38.038,1.44801,1.44827,1.05,1.13
2013.04.03 23:56:39.746,1.44801,1.44828,1.05,1.13
2013.04.03 23:56:39.909,1.44802,1.44828,1.28,1.13
2013.04.03 23:56:42.548,1.44801,1.44828,1.80,1.13
2013.04.03 23:56:44.460,1.44801,1.44828,1.80,1.13
2013.04.03 23:56:44.530,1.44802,1.44828,1.28,1.13
2013.04.03 23:56:44.927,1.44807,1.44828,1.35,1.13
2013.04.03 23:56:48.086,1.44803,1.4483,1.35,1.88
2013.04.03 23:56:51.059,1.44803,1.44829,1.35,1.13
2013.04.03 23:56:54.078,1.44803,1.44829,1.35,1.13
2013.04.03 23:57:08.268,1.44806,1.44829,1.05,1.13
2013.04.03 23:57:09.917,1.44806,1.4483,1.80,1.13
2013.04.03 23:57:15.120,1.44807,1.4483,1.28,1.13
2013.04.03 23:57:15.188,1.44807,1.44833,1.28,1.88
2013.04.03 23:57:17.407,1.44812,1.44833,1.28,1.88
2013.04.03 23:57:18.191,1.44812,1.44836,1.28,1.13
2013.04.03 23:57:29.200,1.44808,1.44835,1.65,1.13
2013.04.03 23:57:30.176,1.44807,1.44835,2.18,1.13
2013.04.03 23:57:32.439,1.44808,1.44836,1.65,1.13
2013.04.03 23:57:34.639,1.44807,1.44835,1.43,1.13
2013.04.03 23:57:36.557,1.44803,1.44829,1.28,1.13
2013.04.03 23:57:42.356,1.44803,1.44829,1.28,1.13
2013.04.03 23:57:55.068,1.44801,1.44829,1.65,1.13
2013.04.03 23:58:09.897,1.44802,1.44832,1.58,1.28
2013.04.03 23:58:17.449,1.44805,1.44832,1.05,1.13
2013.04.03 23:58:17.510,1.44805,1.44832,1.05,1.13
2013.04.03 23:58:18.768,1.44805,1.44832,1.05,1.13
2013.04.03 23:58:29.867,1.44803,1.44829,1.05,1.13
2013.04.03 23:58:44.837,1.44803,1.44831,1.05,1.13
2013.04.03 23:58:49.827,1.44801,1.44829,1.05,2.70
2013.04.03 23:58:49.958,1.44798,1.44828,3.79,1.13
2013.04.03 23:59:10.107,1.44799,1.44823,1.35,2.18
2013.04.03 23:59:14.277,1.44797,1.44821,1.65,1.80
2013.04.03 23:59:14.658,1.44795,1.44821,1.43,1.80
2013.04.03 23:59:16.233,1.44795,1.4482,1.43,1.13
2013.04.03 23:59:17.598,1.44795,1.4482,1.05,1.50
2013.04.03 23:59:17.657,1.44795,1.4482,1.05,1.50
2013.04.03 23:59:17.897,1.44789,1.4482,1.05,2.03
2013.04.03 23:59:18.427,1.44789,1.44818,1.43,1.13
2013.04.03 23:59:18.787,1.44789,1.44818,1.43,1.13
2013.04.03 23:59:19.419,1.44789,1.44818,1.43,1.13
2013.04.03 23:59:20.439,1.44789,1.44818,1.43,1.13
2013.04.03 23:59:20.618,1.44789,1.44818,1.43,1.13
2013.04.03 23:59:21.599,1.4479,1.44818,1.28,1.13
2013.04.03 23:59:21.718,1.44796,1.4482,1.28,1.28
2013.04.03 23:59:21.777,1.44796,1.44823,1.80,2.18
2013.04.03 23:59:33.408,1.44796,1.44823,1.05,1.80
2013.04.03 23:59:33.738,1.44797,1.44823,1.28,1.80
2013.04.03 23:59:41.705,1.44797,1.44822,1.65,1.13
2013.04.03 23:59:42.447,1.44799,1.44826,1.28,1.80
2013.04.03 23:59:47.687,1.44802,1.4483,1.28,1.13
2013.04.03 23:59:55.977,1.44799,1.4483,1.28,1.28
