2010.09.17 08:00:00.155,1.66005,1.6606,5.30,2.20
2010.09.17 08:00:00.603,1.66005,1.66055,1.00,1.40
2010.09.17 08:00:01.965,1.65995,1.6605,1.00,1.80
2010.09.17 08:00:02.288,1.66,1.66055,2.00,1.00
2010.09.17 08:00:03.019,1.66,1.6606,1.40,1.00
2010.09.17 08:00:03.254,1.6602,1.66065,1.00,1.00
2010.09.17 08:00:03.493,1.6602,1.66065,1.00,1.00
2010.09.17 08:00:05.612,1.6602,1.66065,1.00,1.00
2010.09.17 08:00:07.432,1.66015,1.66065,4.40,1.00
2010.09.17 08:00:07.693,1.6601,1.6606,1.50,1.00
2010.09.17 08:00:08.476,1.6603,1.66065,1.00,1.00
2010.09.17 08:00:08.795,1.6602,1.66065,1.20,1.00
2010.09.17 08:00:09.418,1.6602,1.66065,1.30,1.00
2010.09.17 08:00:09.770,1.6602,1.66065,3.60,1.00
2010.09.17 08:00:10.113,1.6602,1.66065,1.20,1.00
2010.09.17 08:00:11.163,1.6602,1.66065,1.30,1.00
2010.09.17 08:00:11.502,1.6602,1.66065,1.20,1.00
2010.09.17 08:00:11.843,1.6602,1.66065,1.20,1.00
2010.09.17 08:00:12.664,1.66025,1.66065,1.00,1.00
2010.09.17 08:00:12.912,1.6602,1.66065,1.20,1.00
2010.09.17 08:00:13.165,1.6602,1.66065,1.20,1.00
2010.09.17 08:00:14.234,1.6602,1.66075,1.30,1.40
2010.09.17 08:00:15.141,1.6602,1.66075,1.20,1.40
2010.09.17 08:00:16.622,1.6602,1.66075,1.20,1.40
2010.09.17 08:00:18.518,1.6602,1.66075,1.40,1.40
2010.09.17 08:00:18.619,1.66035,1.66085,1.40,1.00
2010.09.17 08:00:18.715,1.66035,1.66085,1.80,1.00
2010.09.17 08:00:18.904,1.66025,1.66085,1.80,1.80
2010.09.17 08:00:20.501,1.66025,1.66085,1.90,1.80
2010.09.17 08:00:20.656,1.66025,1.66075,1.00,1.00
2010.09.17 08:00:22.707,1.66025,1.6607,1.00,1.00
2010.09.17 08:00:23.758,1.6602,1.6607,1.00,1.00
2010.09.17 08:00:24.118,1.66025,1.6608,1.00,1.40
2010.09.17 08:00:24.543,1.6602,1.6608,2.00,1.40
2010.09.17 08:00:25.633,1.66025,1.66085,2.00,3.90
2010.09.17 08:00:26.357,1.66025,1.66085,2.10,1.40
2010.09.17 08:00:26.697,1.66025,1.66065,4.80,1.00
2010.09.17 08:00:27.044,1.66025,1.6608,6.80,1.00
2010.09.17 08:00:28.184,1.6603,1.6609,6.80,2.40
2010.09.17 08:00:28.524,1.6603,1.66085,4.90,1.40
2010.09.17 08:00:29.279,1.6603,1.6609,6.90,2.50
2010.09.17 08:00:29.835,1.6603,1.6609,2.10,2.40
2010.09.17 08:00:30.155,1.6603,1.6609,6.90,2.40
2010.09.17 08:00:30.834,1.66035,1.6609,1.00,1.80
2010.09.17 08:00:31.077,1.6603,1.6609,2.10,4.00
2010.09.17 08:00:31.553,1.6603,1.66085,2.00,1.00
2010.09.17 08:00:32.483,1.6603,1.6609,2.10,3.40
2010.09.17 08:00:32.782,1.6603,1.6609,2.10,1.80
2010.09.17 08:00:33.082,1.6603,1.6609,2.00,2.00
2010.09.17 08:00:34.304,1.6603,1.66085,2.00,1.00
2010.09.17 08:00:34.712,1.6603,1.6609,2.00,2.00
2010.09.17 08:00:34.912,1.6603,1.6609,1.40,2.00
2010.09.17 08:00:35.688,1.6603,1.66085,2.00,1.00
2010.09.17 08:00:37.446,1.66035,1.6609,1.00,1.60
2010.09.17 08:00:37.993,1.66035,1.6609,1.00,1.50
2010.09.17 08:00:38.082,1.66045,1.6609,1.00,1.50
2010.09.17 08:00:38.171,1.66045,1.6609,1.00,1.00
2010.09.17 08:00:38.753,1.66035,1.6609,1.00,1.50
2010.09.17 08:00:39.392,1.66035,1.6609,1.00,1.40
2010.09.17 08:00:39.611,1.66035,1.6609,1.00,1.60
2010.09.17 08:00:42.852,1.66035,1.6609,1.00,1.50
2010.09.17 08:00:42.991,1.6603,1.6609,6.80,1.50
2010.09.17 08:00:43.132,1.6603,1.66085,6.80,1.40
2010.09.17 08:00:43.923,1.66035,1.6607,1.00,1.00
2010.09.17 08:00:44.464,1.66045,1.66085,1.00,1.50
2010.09.17 08:00:44.644,1.6605,1.6609,4.80,1.00
2010.09.17 08:00:45.309,1.66045,1.6609,1.40,1.00
2010.09.17 08:00:45.670,1.66055,1.66095,1.00,1.00
2010.09.17 08:00:46.016,1.66045,1.66095,1.00,1.00
2010.09.17 08:00:47.054,1.6605,1.6609,1.00,1.00
2010.09.17 08:00:48.137,1.66055,1.66105,1.00,1.00
2010.09.17 08:00:48.485,1.66055,1.66105,1.00,1.00
2010.09.17 08:00:50.145,1.66055,1.661,1.00,1.00
2010.09.17 08:00:50.333,1.66055,1.66105,1.00,1.00
2010.09.17 08:00:51.545,1.66065,1.66105,1.00,1.00
2010.09.17 08:00:51.883,1.66065,1.6611,1.00,1.00
2010.09.17 08:00:52.223,1.6607,1.6611,1.00,1.00
2010.09.17 08:00:53.065,1.66075,1.6611,2.90,1.00
2010.09.17 08:00:53.403,1.66075,1.66115,1.00,1.00
2010.09.17 08:00:54.082,1.66075,1.66115,1.00,1.00
2010.09.17 08:00:54.752,1.66075,1.66115,1.00,1.00
2010.09.17 08:00:54.863,1.66075,1.6612,1.00,1.00
2010.09.17 08:00:55.601,1.66075,1.66115,1.00,1.00
2010.09.17 08:00:57.366,1.66075,1.6611,1.00,1.00
2010.09.17 08:00:57.554,1.66075,1.66115,1.00,1.00
2010.09.17 08:00:59.025,1.6608,1.6612,1.00,1.00
2010.09.17 08:00:59.143,1.6608,1.66125,1.00,1.00
2010.09.17 08:00:59.262,1.6608,1.6612,1.00,1.00
2010.09.17 08:00:59.382,1.6608,1.66125,1.00,1.00
2010.09.17 08:00:59.502,1.6608,1.66125,1.00,1.00
2010.09.17 08:00:59.622,1.66075,1.6612,1.00,1.00
2010.09.17 08:01:00.614,1.66075,1.66115,1.00,1.00
2010.09.17 08:01:00.953,1.66075,1.6612,1.00,1.00
2010.09.17 08:01:01.242,1.66075,1.6612,3.00,1.00
2010.09.17 08:01:02.035,1.66075,1.6612,3.70,1.00
2010.09.17 08:01:03.198,1.6608,1.6612,1.00,1.00
2010.09.17 08:01:03.446,1.6609,1.6613,2.00,1.00
2010.09.17 08:01:03.703,1.66095,1.6613,1.00,1.00
2010.09.17 08:01:04.786,1.66095,1.66135,1.00,1.00
2010.09.17 08:01:05.122,1.66095,1.66135,1.00,1.00
2010.09.17 08:01:05.465,1.661,1.66135,1.00,1.00
2010.09.17 08:01:06.595,1.661,1.66145,1.00,2.20
2010.09.17 08:01:08.113,1.66105,1.66145,1.00,3.10
2010.09.17 08:01:08.351,1.66105,1.66145,1.00,1.60
2010.09.17 08:01:08.582,1.66105,1.66145,1.00,2.20
2010.09.17 08:01:09.793,1.66105,1.66145,1.00,1.00
2010.09.17 08:01:10.134,1.66105,1.66145,1.00,1.00
2010.09.17 08:01:11.613,1.661,1.6614,1.00,1.00
2010.09.17 08:01:12.732,1.661,1.66135,1.00,1.00
2010.09.17 08:01:13.738,1.6611,1.6615,1.00,1.00
2010.09.17 08:01:14.165,1.66105,1.6615,1.00,1.00
2010.09.17 08:01:14.372,1.66105,1.6615,1.00,1.00
2010.09.17 08:01:15.085,1.66095,1.66145,1.00,2.10
2010.09.17 08:01:15.572,1.66095,1.6614,1.00,1.00
2010.09.17 08:01:16.395,1.6609,1.66135,1.00,1.50
2010.09.17 08:01:17.412,1.6609,1.6613,1.00,1.00
2010.09.17 08:01:18.380,1.6609,1.66125,1.00,1.00
2010.09.17 08:01:18.616,1.6609,1.6613,1.00,1.00
2010.09.17 08:01:19.605,1.66085,1.6612,1.00,1.00
2010.09.17 08:01:19.913,1.6608,1.66125,1.00,1.00
2010.09.17 08:01:20.225,1.66075,1.66115,1.00,1.00
2010.09.17 08:01:20.787,1.66075,1.6612,1.00,2.00
2010.09.17 08:01:21.088,1.6608,1.66115,1.00,1.00
2010.09.17 08:01:21.692,1.66075,1.66115,1.00,1.00
2010.09.17 08:01:22.901,1.66075,1.6611,1.00,1.00
2010.09.17 08:01:23.423,1.6608,1.66115,1.00,1.00
2010.09.17 08:01:25.202,1.66075,1.6611,1.00,1.00
2010.09.17 08:01:25.773,1.66085,1.66115,1.00,1.00
2010.09.17 08:01:26.088,1.66085,1.6613,1.00,1.00
2010.09.17 08:01:26.375,1.66075,1.66115,1.00,1.00
2010.09.17 08:01:26.665,1.66075,1.6612,1.00,1.00
2010.09.17 08:01:27.690,1.66075,1.6612,1.00,1.50
2010.09.17 08:01:27.997,1.66075,1.6612,4.20,1.00
2010.09.17 08:01:28.306,1.6608,1.66125,1.00,1.00
2010.09.17 08:01:28.492,1.6608,1.66125,1.00,1.00
2010.09.17 08:01:28.685,1.66085,1.66125,1.00,1.00
2010.09.17 08:01:29.354,1.66085,1.6613,1.00,1.50
2010.09.17 08:01:29.509,1.6609,1.66135,1.00,1.00
2010.09.17 08:01:30.072,1.66095,1.6614,1.00,2.10
2010.09.17 08:01:30.222,1.66095,1.6614,1.00,1.00
2010.09.17 08:01:31.189,1.66095,1.6614,1.00,2.00
2010.09.17 08:01:31.525,1.661,1.66135,1.00,1.00
2010.09.17 08:01:31.765,1.661,1.66135,1.00,1.00
2010.09.17 08:01:32.557,1.661,1.6614,1.00,1.90
2010.09.17 08:01:32.804,1.66095,1.6613,1.00,1.00
2010.09.17 08:01:34.105,1.6609,1.66125,1.00,1.00
2010.09.17 08:01:34.382,1.6609,1.6613,1.00,1.00
2010.09.17 08:01:34.662,1.6609,1.6613,1.00,1.00
2010.09.17 08:01:35.744,1.66095,1.6613,1.00,1.00
2010.09.17 08:01:36.003,1.6609,1.6613,1.00,1.00
2010.09.17 08:01:37.155,1.661,1.66135,1.00,1.00
2010.09.17 08:01:38.742,1.661,1.6614,1.00,1.00
2010.09.17 08:01:40.241,1.661,1.6614,1.00,1.00
2010.09.17 08:01:40.802,1.66095,1.66135,1.00,1.00
2010.09.17 08:01:42.382,1.66095,1.6613,1.00,1.00
2010.09.17 08:01:42.903,1.66095,1.66135,1.00,1.00
2010.09.17 08:01:44.576,1.6609,1.6613,1.00,1.00
2010.09.17 08:01:44.923,1.66085,1.6612,1.00,1.00
2010.09.17 08:01:46.447,1.6608,1.6612,1.00,1.00
2010.09.17 08:01:46.786,1.66085,1.6612,1.00,1.00
2010.09.17 08:01:47.745,1.66085,1.6612,1.00,1.00
2010.09.17 08:01:49.856,1.66085,1.66125,1.00,1.00
2010.09.17 08:01:50.002,1.66085,1.6613,1.00,1.80
2010.09.17 08:01:50.154,1.6608,1.66125,1.00,1.00
2010.09.17 08:01:50.945,1.6608,1.66125,1.00,1.00
2010.09.17 08:01:51.285,1.66085,1.6613,1.00,1.00
2010.09.17 08:01:52.761,1.66095,1.6613,1.00,1.00
2010.09.17 08:01:53.915,1.6612,1.6614,1.00,1.60
2010.09.17 08:01:54.247,1.6612,1.6617,2.00,1.00
2010.09.17 08:01:54.513,1.6612,1.6617,2.00,1.00
2010.09.17 08:01:55.302,1.6612,1.66145,2.00,1.60
2010.09.17 08:01:55.513,1.6613,1.6617,3.20,1.00
2010.09.17 08:01:55.722,1.6613,1.6617,3.20,1.00
2010.09.17 08:01:56.732,1.6613,1.66165,3.20,1.00
2010.09.17 08:01:57.641,1.6613,1.6617,3.30,1.00
2010.09.17 08:01:58.599,1.66135,1.66175,5.20,1.00
2010.09.17 08:01:58.794,1.66135,1.66175,1.80,1.00
2010.09.17 08:01:59.712,1.66135,1.66175,1.90,1.00
2010.09.17 08:02:00.055,1.6614,1.6618,1.70,1.00
2010.09.17 08:02:00.393,1.6614,1.6618,1.00,1.00
2010.09.17 08:02:00.954,1.66145,1.66185,1.00,1.00
2010.09.17 08:02:01.214,1.6614,1.6618,1.60,1.00
2010.09.17 08:02:01.476,1.6613,1.66175,2.10,1.00
2010.09.17 08:02:01.735,1.6613,1.6617,1.00,1.00
2010.09.17 08:02:02.492,1.66135,1.66175,1.00,1.00
2010.09.17 08:02:03.173,1.66135,1.6617,1.00,1.00
2010.09.17 08:02:03.512,1.6613,1.66165,1.00,1.00
2010.09.17 08:02:04.379,1.66125,1.66165,1.60,1.00
2010.09.17 08:02:04.923,1.66125,1.66165,3.20,1.00
2010.09.17 08:02:06.232,1.66125,1.6616,3.30,1.00
2010.09.17 08:02:07.152,1.66125,1.66165,3.20,1.00
2010.09.17 08:02:07.475,1.6613,1.6617,3.20,1.00
2010.09.17 08:02:07.815,1.6613,1.66165,1.60,1.00
2010.09.17 08:02:08.926,1.66125,1.66165,1.00,1.00
2010.09.17 08:02:09.164,1.6612,1.6616,1.00,1.00
2010.09.17 08:02:09.973,1.66125,1.6616,1.00,1.00
2010.09.17 08:02:12.027,1.66115,1.6616,1.00,1.00
2010.09.17 08:02:12.295,1.6611,1.66155,1.00,1.00
2010.09.17 08:02:13.075,1.66095,1.66145,1.70,1.00
2010.09.17 08:02:13.364,1.6609,1.6614,1.00,2.30
2010.09.17 08:02:14.225,1.66095,1.6614,1.00,2.00
2010.09.17 08:02:14.516,1.661,1.66145,1.00,1.00
2010.09.17 08:02:14.833,1.661,1.66145,1.00,2.00
2010.09.17 08:02:16.396,1.661,1.6612,1.00,1.00
2010.09.17 08:02:17.185,1.66095,1.66135,1.00,2.00
2010.09.17 08:02:17.415,1.66095,1.6614,1.00,1.50
2010.09.17 08:02:17.646,1.66095,1.6614,1.00,2.00
2010.09.17 08:02:18.359,1.66095,1.6614,1.00,2.10
2010.09.17 08:02:18.618,1.66095,1.66145,1.00,3.60
2010.09.17 08:02:19.123,1.66105,1.66145,1.00,3.40
2010.09.17 08:02:19.374,1.661,1.66145,1.00,3.60
2010.09.17 08:02:20.029,1.66095,1.6614,1.00,1.00
2010.09.17 08:02:22.795,1.6609,1.66135,1.50,1.00
2010.09.17 08:02:23.138,1.661,1.6614,1.00,1.00
2010.09.17 08:02:24.277,1.66105,1.6614,1.40,1.00
2010.09.17 08:02:24.623,1.66105,1.66145,1.80,1.00
2010.09.17 08:02:26.149,1.66115,1.66145,1.00,1.00
2010.09.17 08:02:28.542,1.6611,1.66145,1.00,1.00
2010.09.17 08:02:29.467,1.66105,1.6614,1.90,1.00
2010.09.17 08:02:30.230,1.661,1.66145,1.00,1.00
2010.09.17 08:02:31.320,1.661,1.6614,1.00,1.00
2010.09.17 08:02:31.654,1.661,1.6614,1.00,1.00
2010.09.17 08:02:32.672,1.661,1.6614,1.00,1.00
2010.09.17 08:02:34.091,1.661,1.6614,1.00,1.00
2010.09.17 08:02:34.850,1.661,1.6614,1.00,1.00
2010.09.17 08:02:35.057,1.661,1.6614,1.00,1.00
2010.09.17 08:02:35.682,1.661,1.6614,1.00,1.00
2010.09.17 08:02:37.529,1.661,1.66135,1.00,1.00
2010.09.17 08:02:37.695,1.661,1.6614,1.00,1.00
2010.09.17 08:02:38.277,1.66105,1.6614,1.80,1.00
2010.09.17 08:02:38.617,1.661,1.6614,1.00,1.00
2010.09.17 08:02:39.442,1.661,1.66135,1.00,1.00
2010.09.17 08:02:39.802,1.661,1.66135,2.90,1.00
2010.09.17 08:02:41.163,1.661,1.6614,3.10,1.00
2010.09.17 08:02:41.757,1.661,1.66135,1.00,1.00
2010.09.17 08:02:50.023,1.661,1.6614,1.00,1.00
2010.09.17 08:02:50.232,1.661,1.66135,1.00,1.00
2010.09.17 08:02:51.524,1.6609,1.66135,5.30,1.00
2010.09.17 08:02:51.862,1.66095,1.6614,1.00,1.00
2010.09.17 08:02:52.993,1.66095,1.66135,1.00,1.00
2010.09.17 08:02:53.319,1.661,1.6614,1.00,1.00
2010.09.17 08:02:56.722,1.66095,1.66135,1.00,1.00
2010.09.17 08:02:56.872,1.66095,1.66135,1.00,1.00
2010.09.17 08:02:57.323,1.66095,1.66135,2.40,1.00
2010.09.17 08:03:00.472,1.66095,1.66135,4.80,1.00
2010.09.17 08:03:01.014,1.66095,1.66135,2.40,1.00
2010.09.17 08:03:01.523,1.66095,1.66135,1.00,1.00
2010.09.17 08:03:02.275,1.66095,1.6614,1.00,1.00
2010.09.17 08:03:02.623,1.66095,1.6614,1.00,1.00
2010.09.17 08:03:03.464,1.6609,1.6614,1.00,3.00
2010.09.17 08:03:03.813,1.6609,1.6614,1.00,1.00
2010.09.17 08:03:04.153,1.6609,1.6614,1.00,1.00
2010.09.17 08:03:04.980,1.66095,1.6614,1.00,1.00
2010.09.17 08:03:05.324,1.661,1.66145,1.00,5.20
2010.09.17 08:03:05.663,1.66095,1.6614,1.00,1.00
2010.09.17 08:03:05.882,1.66095,1.6614,1.00,1.00
2010.09.17 08:03:06.568,1.66095,1.6614,1.00,5.20
2010.09.17 08:03:06.819,1.6609,1.6614,1.00,1.00
2010.09.17 08:03:07.064,1.6609,1.6613,1.00,1.00
2010.09.17 08:03:08.124,1.6609,1.6614,1.50,1.00
2010.09.17 08:03:08.439,1.6609,1.6614,1.00,1.00
2010.09.17 08:03:09.162,1.66085,1.66135,4.90,1.00
2010.09.17 08:03:09.497,1.6609,1.66135,1.00,1.00
2010.09.17 08:03:09.824,1.6609,1.66135,1.00,1.00
2010.09.17 08:03:10.434,1.6609,1.6613,1.00,1.00
2010.09.17 08:03:11.307,1.66085,1.66125,1.00,1.40
2010.09.17 08:03:11.515,1.66085,1.6612,1.00,1.00
2010.09.17 08:03:11.933,1.6608,1.6612,1.00,1.00
2010.09.17 08:03:12.678,1.66075,1.6611,1.00,1.00
2010.09.17 08:03:12.995,1.66075,1.66115,1.00,1.00
2010.09.17 08:03:13.771,1.66085,1.6612,1.00,2.00
2010.09.17 08:03:14.098,1.6608,1.6612,1.00,1.50
2010.09.17 08:03:14.427,1.66085,1.66125,1.00,1.60
2010.09.17 08:03:14.757,1.6608,1.66125,1.00,1.60
2010.09.17 08:03:15.886,1.6608,1.66125,1.00,1.00
2010.09.17 08:03:16.105,1.6609,1.6613,1.00,2.40
2010.09.17 08:03:16.744,1.6609,1.6613,1.00,1.00
2010.09.17 08:03:16.958,1.6609,1.66135,1.40,1.00
2010.09.17 08:03:17.293,1.6609,1.66135,1.00,1.00
2010.09.17 08:03:17.635,1.66085,1.6613,2.40,1.00
2010.09.17 08:03:17.973,1.66085,1.6613,1.00,1.00
2010.09.17 08:03:18.796,1.6609,1.6613,1.00,1.00
2010.09.17 08:03:19.632,1.6609,1.66125,1.00,1.00
2010.09.17 08:03:20.755,1.66085,1.66125,1.00,1.00
2010.09.17 08:03:22.084,1.66085,1.66125,1.00,1.00
2010.09.17 08:03:23.402,1.6608,1.66125,1.00,1.00
2010.09.17 08:03:25.092,1.66075,1.6612,1.00,1.60
2010.09.17 08:03:25.427,1.66075,1.6612,1.00,2.00
2010.09.17 08:03:26.233,1.66085,1.6612,1.00,1.80
2010.09.17 08:03:26.935,1.66075,1.66115,1.00,1.00
2010.09.17 08:03:27.665,1.6608,1.6612,1.00,1.00
2010.09.17 08:03:28.350,1.66075,1.66115,1.00,1.00
2010.09.17 08:03:28.998,1.66085,1.6612,1.00,2.00
2010.09.17 08:03:30.103,1.6608,1.6612,1.00,1.90
2010.09.17 08:03:30.892,1.66085,1.6612,1.00,1.90
2010.09.17 08:03:32.343,1.6608,1.6612,1.00,2.00
2010.09.17 08:03:33.602,1.6609,1.6612,1.00,1.80
2010.09.17 08:03:34.290,1.6609,1.6612,1.00,1.00
2010.09.17 08:03:34.455,1.6609,1.6612,1.50,1.00
2010.09.17 08:03:34.687,1.6609,1.6612,2.00,1.00
2010.09.17 08:03:34.915,1.6609,1.6612,1.00,1.00
2010.09.17 08:03:35.628,1.66095,1.6612,1.00,1.00
2010.09.17 08:03:36.895,1.661,1.6612,1.00,1.00
2010.09.17 08:03:38.913,1.66095,1.6612,4.40,1.00
2010.09.17 08:03:39.074,1.66115,1.6614,1.00,1.60
2010.09.17 08:03:39.736,1.66115,1.66155,1.00,1.00
2010.09.17 08:03:40.414,1.6611,1.66155,1.60,1.00
2010.09.17 08:03:40.947,1.6611,1.6615,1.40,1.00
2010.09.17 08:03:41.288,1.6611,1.6615,1.60,1.00
2010.09.17 08:03:41.523,1.6611,1.66155,1.60,2.00
2010.09.17 08:03:42.207,1.66105,1.66155,1.00,2.00
2010.09.17 08:03:42.547,1.66115,1.66155,1.00,2.10
2010.09.17 08:03:43.842,1.66115,1.6615,1.00,1.00
2010.09.17 08:03:44.643,1.6611,1.6615,1.00,1.00
2010.09.17 08:03:48.363,1.6611,1.6615,1.00,1.00
2010.09.17 08:03:48.899,1.6611,1.6615,1.00,1.50
2010.09.17 08:03:49.169,1.66095,1.66135,1.00,1.00
2010.09.17 08:03:49.454,1.661,1.66135,1.00,1.00
2010.09.17 08:03:50.013,1.661,1.6614,1.00,1.00
2010.09.17 08:03:50.302,1.661,1.6614,1.00,1.00
2010.09.17 08:03:50.557,1.66105,1.6614,1.00,1.00
2010.09.17 08:03:51.605,1.661,1.6614,1.00,1.00
2010.09.17 08:03:51.923,1.66105,1.6614,1.00,1.00
2010.09.17 08:03:53.395,1.661,1.6614,1.00,1.00
2010.09.17 08:03:54.275,1.66095,1.6614,1.00,1.10
2010.09.17 08:03:54.926,1.66095,1.6614,1.00,1.00
2010.09.17 08:03:55.493,1.66095,1.66135,1.00,1.00
2010.09.17 08:03:57.323,1.661,1.6614,1.00,1.00
2010.09.17 08:03:58.554,1.6609,1.66125,1.60,1.00
2010.09.17 08:03:59.694,1.6609,1.6613,1.70,1.00
2010.09.17 08:03:59.952,1.6609,1.6613,1.60,1.00
2010.09.17 08:04:00.394,1.66095,1.6613,1.60,1.00
2010.09.17 08:04:01.141,1.66095,1.66135,1.60,1.00
2010.09.17 08:04:01.397,1.66105,1.66145,1.00,1.00
2010.09.17 08:04:01.645,1.661,1.6614,1.00,1.00
2010.09.17 08:04:02.390,1.66105,1.6614,1.00,1.00
2010.09.17 08:04:02.727,1.66095,1.6614,1.00,1.00
2010.09.17 08:04:03.393,1.661,1.6614,1.00,1.00
2010.09.17 08:04:04.642,1.661,1.6614,1.00,1.00
2010.09.17 08:04:06.494,1.66105,1.6614,1.00,1.00
2010.09.17 08:04:08.385,1.661,1.6614,1.00,1.00
2010.09.17 08:04:09.642,1.66095,1.66135,1.00,1.00
2010.09.17 08:04:11.246,1.661,1.66135,1.00,1.00
2010.09.17 08:04:11.453,1.661,1.66135,1.00,1.00
2010.09.17 08:04:11.663,1.661,1.66135,1.00,1.00
2010.09.17 08:04:12.422,1.661,1.66135,1.00,1.00
2010.09.17 08:04:13.104,1.66105,1.66135,1.00,1.00
2010.09.17 08:04:14.296,1.6611,1.66135,1.00,1.00
2010.09.17 08:04:17.530,1.6611,1.66135,1.00,1.00
2010.09.17 08:04:18.063,1.66115,1.66135,1.00,1.00
2010.09.17 08:04:18.528,1.6611,1.66135,1.00,1.00
2010.09.17 08:04:19.924,1.661,1.66135,2.40,1.00
2010.09.17 08:04:20.194,1.66105,1.66135,1.50,1.00
2010.09.17 08:04:20.852,1.6611,1.66135,1.00,1.00
2010.09.17 08:04:21.197,1.6611,1.66145,1.00,1.00
2010.09.17 08:04:21.538,1.661,1.66145,1.00,1.00
2010.09.17 08:04:21.883,1.66095,1.6614,1.00,1.00
2010.09.17 08:04:22.133,1.66095,1.66135,1.00,1.00
2010.09.17 08:04:22.623,1.66095,1.66135,1.00,1.00
2010.09.17 08:04:23.404,1.661,1.6614,1.00,1.00
2010.09.17 08:04:23.553,1.661,1.6614,1.40,1.00
2010.09.17 08:04:23.703,1.661,1.6614,2.00,1.00
2010.09.17 08:04:24.272,1.66105,1.66145,1.00,1.00
2010.09.17 08:04:25.553,1.6611,1.66145,1.00,1.00
2010.09.17 08:04:26.589,1.66105,1.66145,1.00,1.00
2010.09.17 08:04:28.182,1.66105,1.6614,1.00,1.00
2010.09.17 08:04:29.083,1.66105,1.6614,1.00,1.00
2010.09.17 08:04:29.496,1.6611,1.66145,1.00,1.00
2010.09.17 08:04:30.302,1.66105,1.6614,1.00,1.00
2010.09.17 08:04:30.647,1.661,1.6614,2.10,1.00
2010.09.17 08:04:32.351,1.661,1.66135,2.10,1.00
2010.09.17 08:04:32.530,1.6608,1.66125,1.00,1.00
2010.09.17 08:04:32.707,1.66085,1.66125,1.00,1.00
2010.09.17 08:04:33.281,1.6609,1.66125,1.00,1.00
2010.09.17 08:04:33.460,1.66085,1.66125,1.00,1.00
2010.09.17 08:04:33.806,1.6608,1.66125,4.90,1.00
2010.09.17 08:04:34.424,1.6608,1.6612,4.90,1.00
2010.09.17 08:04:34.805,1.6608,1.66125,1.00,2.10
2010.09.17 08:04:35.146,1.66085,1.66125,1.00,2.00
2010.09.17 08:04:36.645,1.66085,1.66125,1.00,4.50
2010.09.17 08:04:36.762,1.66085,1.66125,1.00,6.90
2010.09.17 08:04:37.003,1.66085,1.66125,1.00,6.80
2010.09.17 08:04:37.122,1.66085,1.66125,1.00,6.90
2010.09.17 08:04:38.055,1.6608,1.6612,1.00,2.40
2010.09.17 08:04:39.190,1.66085,1.6612,1.00,2.40
2010.09.17 08:04:39.454,1.66085,1.6612,1.00,2.40
2010.09.17 08:04:39.727,1.66085,1.66125,1.00,2.00
2010.09.17 08:04:39.995,1.66085,1.66125,1.00,1.00
2010.09.17 08:04:40.665,1.6608,1.6612,1.00,1.00
2010.09.17 08:04:41.025,1.66085,1.66125,1.00,1.00
2010.09.17 08:04:41.366,1.6609,1.66125,1.00,1.00
2010.09.17 08:04:42.194,1.66085,1.6612,1.00,1.00
2010.09.17 08:04:42.477,1.6608,1.6612,1.00,1.00
2010.09.17 08:04:42.815,1.6608,1.66125,1.00,1.00
2010.09.17 08:04:43.656,1.6608,1.66115,1.00,1.00
2010.09.17 08:04:43.875,1.66085,1.66125,1.00,1.00
2010.09.17 08:04:44.093,1.66085,1.6612,1.00,1.00
2010.09.17 08:04:44.834,1.66085,1.66125,1.00,1.00
2010.09.17 08:04:45.174,1.66085,1.6613,1.00,1.00
2010.09.17 08:04:45.513,1.6609,1.66125,1.00,1.00
2010.09.17 08:04:46.480,1.6609,1.66125,1.00,1.00
2010.09.17 08:04:47.473,1.6609,1.66125,1.00,1.00
2010.09.17 08:04:49.532,1.6609,1.66125,1.00,1.00
2010.09.17 08:04:50.201,1.6609,1.66125,1.00,1.00
2010.09.17 08:04:50.522,1.6609,1.66125,1.00,1.00
2010.09.17 08:04:56.452,1.6609,1.66125,1.00,1.00
2010.09.17 08:04:56.773,1.66085,1.66125,1.00,1.00
2010.09.17 08:04:57.785,1.6609,1.66125,1.00,1.00
2010.09.17 08:04:59.063,1.6609,1.6613,1.00,6.80
2010.09.17 08:04:59.204,1.6609,1.6613,1.00,2.00
2010.09.17 08:04:59.810,1.6609,1.66135,1.00,4.90
2010.09.17 08:04:59.977,1.66095,1.66135,1.00,1.00
2010.09.17 08:05:00.454,1.6609,1.66135,1.00,2.80
2010.09.17 08:05:01.153,1.6609,1.66135,1.00,1.00
2010.09.17 08:05:01.833,1.66095,1.66135,1.00,1.00
2010.09.17 08:05:02.174,1.6609,1.66135,1.00,1.00
2010.09.17 08:05:02.374,1.66095,1.66135,1.00,4.20
2010.09.17 08:05:02.948,1.66095,1.66135,1.00,2.80
2010.09.17 08:05:03.158,1.66095,1.66135,1.00,1.00
2010.09.17 08:05:03.584,1.66095,1.66135,1.00,1.00
2010.09.17 08:05:04.756,1.66095,1.6613,2.00,1.60
2010.09.17 08:05:04.996,1.6609,1.66135,5.50,1.00
2010.09.17 08:05:05.236,1.66095,1.66135,1.00,1.00
2010.09.17 08:05:06.448,1.6609,1.66135,1.00,4.30
2010.09.17 08:05:06.676,1.6609,1.66125,1.00,1.60
2010.09.17 08:05:08.285,1.66085,1.66125,1.00,1.60
2010.09.17 08:05:09.254,1.6609,1.66125,1.00,1.70
2010.09.17 08:05:09.924,1.6609,1.66115,1.00,1.00
2010.09.17 08:05:10.094,1.6608,1.66115,1.00,1.00
2010.09.17 08:05:11.455,1.66085,1.66115,1.00,1.00
2010.09.17 08:05:12.682,1.66085,1.66115,1.00,1.00
2010.09.17 08:05:13.588,1.6608,1.66115,1.00,1.00
2010.09.17 08:05:13.673,1.6608,1.66115,1.00,1.00
2010.09.17 08:05:14.335,1.66085,1.66115,1.00,1.00
2010.09.17 08:05:16.033,1.6609,1.66115,1.00,1.00
2010.09.17 08:05:18.383,1.6609,1.66115,1.00,1.00
2010.09.17 08:05:20.114,1.6609,1.6612,1.00,1.00
2010.09.17 08:05:25.863,1.66095,1.6612,1.00,1.00
2010.09.17 08:05:26.658,1.6609,1.6612,1.00,1.00
2010.09.17 08:05:29.407,1.66085,1.6612,1.00,1.00
2010.09.17 08:05:29.842,1.66085,1.66125,1.00,3.70
2010.09.17 08:05:29.931,1.66085,1.66125,1.00,1.00
2010.09.17 08:05:31.206,1.66085,1.66125,1.00,1.00
2010.09.17 08:05:32.737,1.66095,1.6613,1.00,1.00
2010.09.17 08:05:33.914,1.6609,1.66125,1.00,1.00
2010.09.17 08:05:35.101,1.6609,1.66125,1.00,1.00
2010.09.17 08:05:35.451,1.661,1.66135,2.00,1.00
2010.09.17 08:05:35.797,1.661,1.6614,1.00,2.40
2010.09.17 08:05:36.325,1.661,1.6614,1.00,2.40
2010.09.17 08:05:36.659,1.661,1.6614,2.00,1.00
2010.09.17 08:05:36.998,1.66105,1.66145,1.00,1.00
2010.09.17 08:05:38.241,1.661,1.66135,1.00,1.00
2010.09.17 08:05:39.895,1.6609,1.6614,1.00,4.80
2010.09.17 08:05:40.103,1.66095,1.6614,2.40,1.00
2010.09.17 08:05:40.312,1.66085,1.66135,6.30,1.00
2010.09.17 08:05:40.871,1.66085,1.66135,1.50,1.00
2010.09.17 08:05:41.207,1.66085,1.6613,1.40,1.00
2010.09.17 08:05:42.364,1.66085,1.6613,1.00,1.00
2010.09.17 08:05:42.711,1.6609,1.66125,1.00,1.00
2010.09.17 08:05:43.054,1.6609,1.66135,1.00,3.10
2010.09.17 08:05:43.994,1.66095,1.66135,1.00,3.10
2010.09.17 08:05:44.224,1.6609,1.6613,1.00,1.00
2010.09.17 08:05:44.482,1.6609,1.6613,1.00,1.00
2010.09.17 08:05:45.528,1.66095,1.66135,1.00,1.00
2010.09.17 08:05:47.275,1.6609,1.6613,1.00,1.00
2010.09.17 08:05:47.615,1.66095,1.66135,1.00,2.90
2010.09.17 08:05:47.762,1.66095,1.66135,1.00,2.50
2010.09.17 08:05:47.902,1.66095,1.66135,1.00,1.00
2010.09.17 08:05:51.674,1.6609,1.6613,2.40,1.00
2010.09.17 08:05:53.075,1.6609,1.6613,2.40,1.00
2010.09.17 08:05:56.012,1.6609,1.66135,2.50,1.00
2010.09.17 08:05:56.143,1.6609,1.66135,3.00,1.00
2010.09.17 08:05:56.283,1.66095,1.66135,1.40,1.00
2010.09.17 08:05:56.584,1.66095,1.6614,4.50,1.00
2010.09.17 08:05:57.391,1.66105,1.66145,1.00,1.00
2010.09.17 08:05:57.584,1.66105,1.66145,1.00,1.00
2010.09.17 08:05:59.783,1.66105,1.66145,1.00,1.00
2010.09.17 08:06:00.684,1.66095,1.6614,1.90,1.00
2010.09.17 08:06:01.023,1.66095,1.66135,1.90,1.00
2010.09.17 08:06:02.713,1.661,1.66135,1.80,1.00
2010.09.17 08:06:03.317,1.661,1.6614,1.50,1.00
2010.09.17 08:06:03.625,1.661,1.6614,1.00,1.00
2010.09.17 08:06:04.592,1.66105,1.6614,1.00,1.00
2010.09.17 08:06:08.235,1.66105,1.6614,1.00,1.00
2010.09.17 08:06:08.326,1.66105,1.6614,1.00,1.00
2010.09.17 08:06:08.846,1.66095,1.66145,1.00,6.80
2010.09.17 08:06:09.705,1.66095,1.66145,1.00,6.90
2010.09.17 08:06:10.122,1.66095,1.6614,1.00,1.00
2010.09.17 08:06:10.294,1.6609,1.66135,1.00,1.00
2010.09.17 08:06:11.068,1.6609,1.66135,1.00,1.50
2010.09.17 08:06:11.294,1.66085,1.6613,1.00,1.00
2010.09.17 08:06:12.856,1.6609,1.66135,1.00,4.50
2010.09.17 08:06:13.133,1.66085,1.6613,1.00,1.00
2010.09.17 08:06:14.334,1.66075,1.66125,1.00,1.00
2010.09.17 08:06:14.636,1.6608,1.6612,1.00,2.20
2010.09.17 08:06:14.885,1.6608,1.66125,1.00,1.00
2010.09.17 08:06:15.684,1.6608,1.6612,1.00,2.20
2010.09.17 08:06:15.983,1.66085,1.6612,1.00,2.20
2010.09.17 08:06:16.283,1.66085,1.66115,1.00,1.40
2010.09.17 08:06:16.585,1.66075,1.6611,1.00,2.20
2010.09.17 08:06:17.109,1.66075,1.6611,1.00,2.20
2010.09.17 08:06:17.467,1.66075,1.6612,1.00,7.10
2010.09.17 08:06:17.623,1.6608,1.6612,1.00,7.10
2010.09.17 08:06:17.784,1.6608,1.6612,1.00,2.30
2010.09.17 08:06:19.524,1.66085,1.6612,1.00,2.30
2010.09.17 08:06:21.332,1.66085,1.6612,1.00,2.20
2010.09.17 08:06:23.045,1.66085,1.6612,1.00,1.40
2010.09.17 08:06:23.193,1.66085,1.6612,1.00,1.00
2010.09.17 08:06:23.342,1.66085,1.6612,1.00,2.20
2010.09.17 08:06:24.549,1.66085,1.6612,1.00,2.30
2010.09.17 08:06:25.565,1.6608,1.66115,1.00,1.00
2010.09.17 08:06:26.222,1.6608,1.66115,1.00,1.40
2010.09.17 08:06:26.366,1.6608,1.6612,1.00,2.30
2010.09.17 08:06:27.795,1.6608,1.66115,1.00,2.20
2010.09.17 08:06:28.046,1.66075,1.66115,1.00,1.50
2010.09.17 08:06:28.166,1.66075,1.66115,1.00,1.00
2010.09.17 08:06:28.811,1.66075,1.66115,1.00,1.00
2010.09.17 08:06:32.493,1.66065,1.6611,6.30,1.00
2010.09.17 08:06:32.674,1.66065,1.66105,4.80,1.00
2010.09.17 08:06:32.854,1.6607,1.6611,1.00,1.00
2010.09.17 08:06:33.034,1.6607,1.66115,1.00,1.00
2010.09.17 08:06:33.453,1.6607,1.6611,1.00,1.00
2010.09.17 08:06:35.961,1.66075,1.66115,1.00,1.00
2010.09.17 08:06:38.693,1.66075,1.6612,1.00,1.00
2010.09.17 08:06:38.944,1.6608,1.6612,1.00,1.00
2010.09.17 08:06:39.075,1.6608,1.6612,1.00,1.00
2010.09.17 08:06:39.748,1.6607,1.6612,1.00,1.00
2010.09.17 08:06:40.100,1.6608,1.6612,1.00,1.00
2010.09.17 08:06:40.450,1.6608,1.66125,1.00,2.30
2010.09.17 08:06:41.301,1.66085,1.66125,1.00,2.30
2010.09.17 08:06:42.569,1.6609,1.66125,1.00,2.30
2010.09.17 08:06:42.918,1.66075,1.6612,1.00,2.40
2010.09.17 08:06:43.724,1.66075,1.6612,1.00,1.50
2010.09.17 08:06:44.064,1.66075,1.6612,1.00,2.30
2010.09.17 08:06:44.604,1.6608,1.6612,1.00,1.50
2010.09.17 08:06:44.806,1.66075,1.66115,1.00,1.60
2010.09.17 08:06:46.103,1.6608,1.66115,1.00,1.40
2010.09.17 08:06:46.704,1.6608,1.66115,1.00,1.40
2010.09.17 08:06:46.935,1.6608,1.6611,1.00,1.00
2010.09.17 08:06:47.682,1.6608,1.6611,1.00,1.00
2010.09.17 08:06:48.962,1.66075,1.6611,1.00,1.00
2010.09.17 08:06:50.046,1.6607,1.6611,1.00,1.00
2010.09.17 08:06:50.813,1.6607,1.6611,1.00,1.80
2010.09.17 08:06:51.142,1.6607,1.6611,1.00,1.00
2010.09.17 08:06:51.625,1.6607,1.66115,1.00,4.70
2010.09.17 08:06:52.147,1.66065,1.66115,1.60,1.00
2010.09.17 08:06:52.467,1.66075,1.6612,1.00,4.70
2010.09.17 08:06:52.786,1.66065,1.6611,2.10,1.00
2010.09.17 08:06:54.315,1.66075,1.6611,1.00,1.00
2010.09.17 08:06:54.603,1.6607,1.6611,1.00,1.00
2010.09.17 08:06:55.293,1.6607,1.6611,1.00,1.00
2010.09.17 08:06:55.447,1.6608,1.6611,1.00,1.00
2010.09.17 08:06:56.271,1.66075,1.6611,1.00,1.00
2010.09.17 08:06:56.614,1.66065,1.66115,1.00,3.90
2010.09.17 08:06:56.953,1.6606,1.66105,1.00,1.00
2010.09.17 08:06:57.822,1.6607,1.66105,1.00,1.00
2010.09.17 08:06:58.423,1.66075,1.66115,1.00,1.00
2010.09.17 08:06:58.734,1.66075,1.6611,1.00,1.00
2010.09.17 08:06:59.602,1.6607,1.661,1.00,1.00
2010.09.17 08:07:00.784,1.6607,1.66105,1.00,1.00
2010.09.17 08:07:02.106,1.6606,1.66105,2.00,1.00
2010.09.17 08:07:02.446,1.66055,1.661,2.80,1.00
2010.09.17 08:07:03.330,1.66055,1.6609,1.00,1.00
2010.09.17 08:07:03.638,1.66055,1.661,1.00,1.00
2010.09.17 08:07:04.449,1.66055,1.661,1.90,1.00
2010.09.17 08:07:04.725,1.6606,1.661,1.00,1.00
2010.09.17 08:07:05.280,1.6607,1.66105,1.00,1.00
2010.09.17 08:07:06.080,1.6607,1.66095,1.00,1.00
2010.09.17 08:07:06.445,1.6604,1.66085,2.50,1.00
2010.09.17 08:07:07.247,1.6605,1.6609,1.00,2.80
2010.09.17 08:07:07.593,1.6605,1.6609,1.00,1.00
2010.09.17 08:07:08.685,1.66045,1.6609,1.00,2.40
2010.09.17 08:07:08.973,1.66045,1.6609,1.00,2.80
2010.09.17 08:07:09.265,1.66035,1.6608,2.00,1.00
2010.09.17 08:07:10.165,1.66045,1.6609,1.00,2.50
2010.09.17 08:07:10.436,1.66045,1.66085,1.00,1.00
2010.09.17 08:07:11.456,1.6604,1.6608,1.00,1.00
2010.09.17 08:07:11.794,1.6604,1.6608,1.00,2.40
2010.09.17 08:07:12.134,1.6604,1.6608,1.00,1.00
2010.09.17 08:07:13.331,1.6605,1.6609,1.00,1.00
2010.09.17 08:07:13.993,1.6605,1.66085,1.00,1.00
2010.09.17 08:07:15.021,1.6605,1.6609,1.00,2.40
2010.09.17 08:07:15.734,1.6605,1.6609,1.00,2.50
2010.09.17 08:07:16.926,1.6605,1.66085,1.00,1.00
2010.09.17 08:07:17.909,1.66045,1.66085,1.00,1.00
2010.09.17 08:07:18.594,1.66045,1.6608,1.00,1.00
2010.09.17 08:07:19.403,1.66035,1.6608,1.00,5.20
2010.09.17 08:07:19.753,1.66035,1.66075,1.00,2.40
2010.09.17 08:07:20.100,1.66035,1.66085,1.50,1.00
2010.09.17 08:07:20.624,1.66035,1.6608,1.50,1.00
2010.09.17 08:07:20.944,1.6604,1.66085,1.00,4.20
2010.09.17 08:07:21.129,1.6605,1.66085,1.00,2.80
2010.09.17 08:07:21.307,1.6605,1.66085,1.00,1.00
2010.09.17 08:07:21.831,1.6604,1.66085,1.80,1.00
2010.09.17 08:07:22.013,1.66035,1.66085,1.00,2.80
2010.09.17 08:07:22.357,1.66035,1.66085,1.00,4.20
2010.09.17 08:07:23.212,1.6604,1.66085,1.00,2.90
2010.09.17 08:07:23.459,1.6604,1.6608,1.00,1.00
2010.09.17 08:07:24.538,1.66045,1.66085,1.00,1.00
2010.09.17 08:07:25.908,1.66035,1.6608,2.00,1.00
2010.09.17 08:07:26.196,1.6604,1.66085,1.00,1.00
2010.09.17 08:07:26.996,1.6604,1.66085,1.00,2.00
2010.09.17 08:07:27.340,1.6604,1.66085,1.00,4.40
2010.09.17 08:07:27.685,1.66035,1.6608,1.00,1.00
2010.09.17 08:07:29.098,1.6604,1.66085,4.30,1.00
2010.09.17 08:07:29.267,1.6604,1.66085,3.90,1.00
2010.09.17 08:07:29.434,1.6604,1.66085,2.40,1.00
2010.09.17 08:07:30.053,1.6604,1.66085,1.00,1.90
2010.09.17 08:07:30.292,1.66035,1.6608,1.00,3.00
2010.09.17 08:07:30.528,1.66035,1.66075,1.00,1.00
2010.09.17 08:07:30.767,1.66035,1.6608,1.00,1.00
2010.09.17 08:07:31.302,1.66035,1.6608,2.50,1.00
2010.09.17 08:07:31.643,1.6604,1.6608,1.00,4.90
2010.09.17 08:07:31.957,1.66035,1.6608,1.00,1.00
2010.09.17 08:07:32.265,1.66025,1.66075,2.10,1.00
2010.09.17 08:07:33.544,1.6603,1.66075,1.00,1.00
2010.09.17 08:07:33.672,1.6603,1.66075,2.00,1.00
2010.09.17 08:07:34.482,1.6603,1.66075,1.00,1.00
2010.09.17 08:07:34.749,1.6603,1.6607,2.00,1.00
2010.09.17 08:07:36.061,1.6604,1.6608,1.00,2.50
2010.09.17 08:07:36.368,1.6604,1.66075,1.00,1.00
2010.09.17 08:07:36.674,1.66035,1.6608,1.00,1.00
2010.09.17 08:07:37.522,1.66025,1.66065,1.00,1.00
2010.09.17 08:07:37.855,1.66015,1.66065,2.50,1.00
2010.09.17 08:07:38.164,1.66015,1.66065,2.00,1.00
2010.09.17 08:07:38.978,1.66025,1.6606,1.00,1.00
2010.09.17 08:07:39.722,1.66025,1.66065,1.00,1.00
2010.09.17 08:07:41.156,1.66025,1.6606,1.00,1.00
2010.09.17 08:07:41.376,1.66025,1.66065,1.00,1.00
2010.09.17 08:07:42.210,1.66025,1.6606,1.00,1.00
2010.09.17 08:07:43.243,1.6603,1.6607,1.00,1.00
2010.09.17 08:07:43.588,1.6603,1.6607,2.00,1.00
2010.09.17 08:07:44.014,1.66035,1.6607,1.00,1.00
2010.09.17 08:07:45.143,1.66035,1.66075,1.00,1.00
2010.09.17 08:07:45.453,1.6604,1.66075,1.00,1.00
2010.09.17 08:07:46.006,1.66035,1.6607,1.00,1.00
2010.09.17 08:07:47.686,1.6603,1.6607,2.00,1.00
2010.09.17 08:07:48.022,1.66035,1.66075,1.00,1.00
2010.09.17 08:07:48.854,1.6603,1.6607,1.00,1.00
2010.09.17 08:07:49.223,1.66035,1.66075,1.00,1.00
2010.09.17 08:07:49.566,1.6603,1.6607,1.00,1.00
2010.09.17 08:07:50.468,1.66035,1.6607,1.00,1.00
2010.09.17 08:07:50.975,1.6604,1.66075,1.00,1.40
2010.09.17 08:07:51.233,1.6604,1.66075,1.00,2.00
2010.09.17 08:07:52.030,1.66025,1.6607,1.00,1.00
2010.09.17 08:07:52.280,1.66025,1.66065,1.00,1.00
2010.09.17 08:07:53.011,1.6603,1.66065,1.00,1.00
2010.09.17 08:07:53.336,1.6603,1.66065,1.00,1.00
2010.09.17 08:07:53.987,1.6603,1.66065,1.00,1.00
2010.09.17 08:07:56.059,1.66025,1.6606,1.00,1.00
2010.09.17 08:07:56.313,1.66025,1.66065,1.00,2.80
2010.09.17 08:07:56.558,1.66025,1.66065,1.00,1.00
2010.09.17 08:07:57.664,1.6603,1.66065,1.00,1.00
2010.09.17 08:08:01.408,1.66025,1.66065,1.00,1.00
2010.09.17 08:08:01.476,1.66025,1.66065,1.00,1.00
2010.09.17 08:08:02.175,1.66025,1.66065,1.00,1.00
2010.09.17 08:08:02.299,1.66025,1.66065,1.00,1.00
2010.09.17 08:08:03.209,1.6602,1.66065,1.00,1.90
2010.09.17 08:08:03.557,1.6602,1.66065,1.00,5.30
2010.09.17 08:08:04.444,1.66015,1.6606,3.00,1.00
2010.09.17 08:08:05.227,1.66015,1.6606,1.00,1.00
2010.09.17 08:08:05.583,1.6602,1.66065,1.00,5.20
2010.09.17 08:08:05.924,1.66015,1.6606,1.00,1.00
2010.09.17 08:08:06.982,1.6602,1.6606,2.40,1.00
2010.09.17 08:08:07.216,1.6601,1.6606,2.00,1.00
2010.09.17 08:08:07.960,1.66005,1.6605,2.50,1.00
2010.09.17 08:08:08.311,1.66005,1.6605,1.00,1.00
2010.09.17 08:08:08.656,1.66005,1.6605,2.00,1.00
2010.09.17 08:08:09.364,1.6601,1.66055,1.00,1.00
2010.09.17 08:08:09.865,1.6601,1.6605,1.00,1.00
2010.09.17 08:08:10.987,1.6601,1.66055,1.00,1.00
2010.09.17 08:08:11.224,1.66005,1.6605,2.00,1.00
2010.09.17 08:08:11.703,1.66015,1.66055,1.00,1.00
2010.09.17 08:08:12.550,1.6601,1.6605,1.00,1.00
2010.09.17 08:08:13.721,1.6601,1.6605,1.00,1.00
2010.09.17 08:08:14.045,1.66015,1.6606,2.40,1.00
2010.09.17 08:08:14.356,1.6601,1.6606,2.00,1.00
2010.09.17 08:08:15.160,1.66015,1.6606,1.00,1.00
2010.09.17 08:08:15.446,1.6601,1.66055,1.90,1.00
2010.09.17 08:08:15.735,1.66015,1.66055,1.00,1.00
2010.09.17 08:08:16.025,1.66015,1.6605,1.00,1.00
2010.09.17 08:08:16.823,1.6601,1.66055,2.10,1.00
2010.09.17 08:08:17.124,1.6602,1.66055,1.80,1.00
2010.09.17 08:08:17.425,1.6601,1.66055,1.00,1.00
2010.09.17 08:08:18.275,1.66005,1.6605,1.00,1.00
2010.09.17 08:08:18.618,1.66005,1.6605,1.00,2.10
2010.09.17 08:08:19.454,1.66005,1.6605,1.00,4.40
2010.09.17 08:08:19.794,1.66,1.6604,1.60,1.00
2010.09.17 08:08:20.674,1.66,1.66045,1.70,1.00
2010.09.17 08:08:21.013,1.66,1.6604,1.70,1.00
2010.09.17 08:08:22.261,1.65995,1.6604,1.00,1.00
2010.09.17 08:08:23.083,1.66,1.6604,1.00,1.00
2010.09.17 08:08:23.837,1.66,1.6604,1.00,1.00
2010.09.17 08:08:24.393,1.65995,1.6603,1.00,1.00
2010.09.17 08:08:25.246,1.6599,1.66035,1.00,1.00
2010.09.17 08:08:25.554,1.65995,1.6604,1.00,1.00
2010.09.17 08:08:26.681,1.6599,1.6604,4.90,1.00
2010.09.17 08:08:26.954,1.6599,1.6604,1.00,1.00
2010.09.17 08:08:27.506,1.65995,1.66035,1.00,1.00
2010.09.17 08:08:28.660,1.6599,1.66035,4.80,1.50
2010.09.17 08:08:28.896,1.6599,1.66035,1.00,1.00
2010.09.17 08:08:29.568,1.6599,1.66035,1.00,1.50
2010.09.17 08:08:29.783,1.65985,1.6603,2.50,1.00
2010.09.17 08:08:29.997,1.6599,1.6604,1.00,4.80
2010.09.17 08:08:30.568,1.6599,1.6604,2.00,4.80
2010.09.17 08:08:30.908,1.65995,1.66045,1.00,6.80
2010.09.17 08:08:31.621,1.6599,1.6604,1.80,1.00
2010.09.17 08:08:31.940,1.65985,1.66035,1.00,2.40
2010.09.17 08:08:32.761,1.65985,1.66035,1.50,3.30
2010.09.17 08:08:33.035,1.6599,1.6604,1.00,1.00
2010.09.17 08:08:33.305,1.6599,1.66045,1.00,7.10
2010.09.17 08:08:33.888,1.6599,1.6604,1.00,2.40
2010.09.17 08:08:34.239,1.65995,1.66045,1.90,2.50
2010.09.17 08:08:34.585,1.65995,1.66045,4.30,1.00
2010.09.17 08:08:35.449,1.65995,1.6604,2.40,1.00
2010.09.17 08:08:35.800,1.65995,1.6604,1.90,1.00
2010.09.17 08:08:36.145,1.66,1.66045,1.00,1.00
2010.09.17 08:08:37.014,1.66,1.6604,1.00,1.00
2010.09.17 08:08:38.242,1.66,1.66035,1.00,1.00
2010.09.17 08:08:39.230,1.66005,1.66045,1.00,1.00
2010.09.17 08:08:39.543,1.66005,1.66045,4.80,1.00
2010.09.17 08:08:39.849,1.66,1.66045,2.00,1.00
2010.09.17 08:08:40.662,1.6601,1.66055,6.20,1.00
2010.09.17 08:08:40.968,1.66015,1.66055,1.00,1.00
2010.09.17 08:08:41.275,1.6602,1.6606,1.00,1.00
2010.09.17 08:08:43.678,1.66025,1.66065,1.00,1.00
2010.09.17 08:08:44.019,1.6602,1.66065,1.00,1.00
2010.09.17 08:08:44.369,1.6602,1.66065,1.00,1.00
2010.09.17 08:08:45.162,1.66025,1.6607,1.00,1.70
2010.09.17 08:08:45.754,1.66025,1.66065,1.00,1.00
2010.09.17 08:08:47.534,1.6602,1.6606,1.00,1.00
2010.09.17 08:08:48.368,1.66025,1.66065,1.00,1.00
2010.09.17 08:08:48.515,1.66025,1.66065,1.00,1.00
2010.09.17 08:08:49.993,1.6603,1.66065,1.00,1.00
2010.09.17 08:08:50.553,1.66025,1.6606,1.00,1.00
2010.09.17 08:08:50.835,1.6602,1.6606,1.00,1.00
2010.09.17 08:08:51.722,1.66035,1.6608,1.00,1.00
2010.09.17 08:08:51.977,1.66035,1.6608,1.40,1.00
2010.09.17 08:08:52.822,1.6604,1.66085,1.40,1.60
2010.09.17 08:08:53.159,1.6605,1.6609,1.50,1.00
2010.09.17 08:08:53.399,1.6605,1.6609,1.00,1.00
2010.09.17 08:08:54.159,1.6605,1.66095,1.00,1.00
2010.09.17 08:08:54.507,1.66045,1.6609,1.00,1.00
2010.09.17 08:08:55.634,1.6605,1.6609,1.00,1.00
2010.09.17 08:08:57.037,1.6605,1.6609,1.00,1.00
2010.09.17 08:08:57.386,1.66045,1.66085,1.00,1.00
2010.09.17 08:08:57.794,1.6604,1.66085,1.00,1.00
2010.09.17 08:09:01.006,1.66045,1.66085,4.90,1.00
2010.09.17 08:09:01.233,1.66045,1.6609,4.80,1.40
2010.09.17 08:09:02.023,1.6604,1.6609,1.00,1.60
2010.09.17 08:09:02.348,1.6605,1.66095,1.00,2.10
2010.09.17 08:09:02.675,1.6605,1.66095,1.00,1.00
2010.09.17 08:09:03.825,1.66055,1.66095,1.00,1.00
2010.09.17 08:09:05.322,1.6606,1.66095,1.00,1.00
2010.09.17 08:09:06.141,1.66055,1.6609,1.00,1.00
2010.09.17 08:09:06.274,1.6605,1.66095,1.00,1.00
2010.09.17 08:09:06.403,1.6605,1.6609,1.00,1.00
2010.09.17 08:09:06.533,1.6605,1.6609,1.00,1.00
2010.09.17 08:09:06.794,1.66045,1.6609,1.00,1.00
2010.09.17 08:09:07.673,1.66045,1.6609,1.00,1.00
2010.09.17 08:09:08.018,1.6605,1.6609,1.00,1.00
2010.09.17 08:09:08.356,1.6605,1.6609,1.00,1.00
2010.09.17 08:09:09.664,1.66055,1.6609,1.00,1.00
2010.09.17 08:09:11.670,1.6605,1.6609,1.00,1.00
2010.09.17 08:09:12.154,1.6605,1.6609,1.00,1.00
2010.09.17 08:09:13.426,1.66055,1.6609,1.00,1.00
2010.09.17 08:09:13.931,1.66055,1.6609,1.00,1.00
2010.09.17 08:09:15.076,1.66045,1.6608,1.00,1.00
2010.09.17 08:09:15.295,1.66045,1.6608,1.00,1.40
2010.09.17 08:09:15.514,1.66045,1.66085,1.00,2.00
2010.09.17 08:09:16.724,1.6604,1.66085,1.00,2.00
2010.09.17 08:09:16.987,1.66045,1.66085,1.00,2.00
2010.09.17 08:09:17.584,1.6605,1.66085,1.00,2.00
2010.09.17 08:09:18.417,1.66045,1.6608,1.00,1.00
2010.09.17 08:09:18.593,1.66045,1.6609,1.00,3.10
2010.09.17 08:09:18.774,1.66045,1.6609,1.00,1.00
2010.09.17 08:09:18.953,1.66045,1.66085,1.00,1.00
2010.09.17 08:09:19.750,1.66045,1.6609,6.20,1.00
2010.09.17 08:09:20.035,1.6605,1.66095,4.80,1.00
2010.09.17 08:09:20.908,1.6605,1.6609,4.80,1.00
2010.09.17 08:09:21.594,1.6605,1.66085,4.80,1.00
2010.09.17 08:09:22.114,1.6605,1.6609,4.80,1.00
2010.09.17 08:09:22.826,1.6604,1.66085,4.80,1.00
2010.09.17 08:09:22.956,1.66045,1.66085,2.40,1.00
2010.09.17 08:09:23.084,1.66045,1.6609,2.40,1.00
2010.09.17 08:09:23.344,1.66045,1.66095,2.40,1.00
2010.09.17 08:09:23.962,1.66045,1.66095,2.40,1.50
2010.09.17 08:09:24.307,1.6604,1.6609,4.90,1.00
2010.09.17 08:09:24.647,1.6604,1.6608,4.80,1.00
2010.09.17 08:09:25.505,1.6604,1.66085,4.20,1.00
2010.09.17 08:09:25.854,1.6605,1.66095,1.00,1.00
2010.09.17 08:09:26.197,1.66055,1.66095,1.40,1.00
2010.09.17 08:09:26.982,1.66055,1.66095,6.80,1.00
2010.09.17 08:09:27.281,1.66055,1.661,1.00,1.00
2010.09.17 08:09:27.530,1.66055,1.661,1.00,1.00
2010.09.17 08:09:28.608,1.66055,1.66095,1.00,1.00
2010.09.17 08:09:29.284,1.66055,1.661,1.00,1.00
2010.09.17 08:09:30.293,1.66055,1.661,1.00,1.00
2010.09.17 08:09:31.670,1.6606,1.66095,1.00,1.00
2010.09.17 08:09:31.894,1.6606,1.661,1.00,1.00
2010.09.17 08:09:33.445,1.6605,1.66095,4.80,1.00
2010.09.17 08:09:33.786,1.6605,1.66095,1.00,1.00
2010.09.17 08:09:34.128,1.66045,1.6609,1.00,1.00
2010.09.17 08:09:34.999,1.66045,1.66085,1.00,1.00
2010.09.17 08:09:36.784,1.66045,1.6608,1.00,1.00
2010.09.17 08:09:36.974,1.66045,1.6609,1.00,4.70
2010.09.17 08:09:37.527,1.66045,1.66085,1.00,1.00
2010.09.17 08:09:39.222,1.66045,1.6609,1.00,1.00
2010.09.17 08:09:39.546,1.6605,1.66095,1.00,2.80
2010.09.17 08:09:40.405,1.66045,1.66085,1.00,1.00
2010.09.17 08:09:41.941,1.66035,1.6608,1.00,1.00
2010.09.17 08:09:42.286,1.6604,1.66085,2.10,1.00
2010.09.17 08:09:43.458,1.6604,1.66085,4.40,1.00
2010.09.17 08:09:43.945,1.66045,1.66085,1.00,1.00
2010.09.17 08:09:44.658,1.66045,1.66085,1.00,1.00
2010.09.17 08:09:44.892,1.6605,1.66095,2.40,1.40
2010.09.17 08:09:45.114,1.6605,1.66095,1.00,1.40
2010.09.17 08:09:46.307,1.6605,1.66095,1.00,1.50
2010.09.17 08:09:46.848,1.6605,1.6609,4.40,1.00
2010.09.17 08:09:47.465,1.6605,1.66095,4.40,1.00
2010.09.17 08:09:47.976,1.6605,1.66095,4.40,1.00
2010.09.17 08:09:48.764,1.6605,1.6609,4.40,1.00
2010.09.17 08:09:50.753,1.6605,1.66095,4.40,1.00
2010.09.17 08:09:51.379,1.6605,1.6609,4.40,1.00
2010.09.17 08:09:51.605,1.6605,1.66095,1.00,1.00
2010.09.17 08:09:51.816,1.66055,1.66095,1.00,1.00
2010.09.17 08:09:52.554,1.66055,1.661,4.80,1.00
2010.09.17 08:09:52.896,1.6606,1.66105,1.00,1.00
2010.09.17 08:09:53.557,1.66065,1.66105,1.00,1.00
2010.09.17 08:09:53.858,1.66055,1.661,4.80,1.00
2010.09.17 08:09:54.457,1.6606,1.66105,2.00,1.00
2010.09.17 08:09:54.988,1.66065,1.66105,2.40,1.00
2010.09.17 08:09:55.287,1.66065,1.66105,5.30,1.00
2010.09.17 08:09:57.062,1.6607,1.66105,1.00,1.00
2010.09.17 08:09:57.273,1.66075,1.6611,1.00,1.00
2010.09.17 08:09:57.456,1.66075,1.6611,6.80,1.00
2010.09.17 08:09:59.085,1.66075,1.6611,6.80,1.00
2010.09.17 08:09:59.270,1.66085,1.66125,1.00,1.00
2010.09.17 08:09:59.429,1.66085,1.6613,1.00,2.00
2010.09.17 08:10:00.309,1.66085,1.66135,1.00,2.80
2010.09.17 08:10:01.947,1.66085,1.6614,1.00,4.80
2010.09.17 08:10:02.021,1.6609,1.6613,1.00,1.00
2010.09.17 08:10:02.636,1.66095,1.6613,2.40,1.00
2010.09.17 08:10:02.721,1.66095,1.66135,2.40,1.00
2010.09.17 08:10:02.784,1.66085,1.66135,5.50,1.00
2010.09.17 08:10:03.841,1.66085,1.6613,5.40,1.00
2010.09.17 08:10:04.185,1.66085,1.66135,5.50,1.00
2010.09.17 08:10:04.543,1.66085,1.6613,5.50,1.00
2010.09.17 08:10:07.335,1.66085,1.66125,1.00,1.00
2010.09.17 08:10:07.906,1.6609,1.6613,1.00,1.00
2010.09.17 08:10:08.708,1.66095,1.66135,1.00,1.00
2010.09.17 08:10:08.974,1.66095,1.6613,1.00,1.00
2010.09.17 08:10:12.276,1.6609,1.66125,1.00,1.00
2010.09.17 08:10:13.846,1.6609,1.6612,1.00,1.00
2010.09.17 08:10:14.161,1.66085,1.66125,1.00,1.00
2010.09.17 08:10:14.868,1.66085,1.66125,1.00,1.00
2010.09.17 08:10:15.070,1.66085,1.6612,1.00,1.00
2010.09.17 08:10:15.605,1.66085,1.66125,1.00,1.00
2010.09.17 08:10:16.436,1.66085,1.6612,1.00,1.00
2010.09.17 08:10:16.816,1.66085,1.66125,1.00,1.00
2010.09.17 08:10:17.005,1.66085,1.66125,4.20,1.00
2010.09.17 08:10:18.460,1.6609,1.6613,1.00,1.00
2010.09.17 08:10:18.710,1.6609,1.66125,1.00,1.00
2010.09.17 08:10:19.474,1.66085,1.6612,2.80,2.00
2010.09.17 08:10:19.695,1.66085,1.6613,1.00,1.00
2010.09.17 08:10:20.034,1.6608,1.6612,1.00,1.00
2010.09.17 08:10:20.699,1.6608,1.6611,1.00,1.00
2010.09.17 08:10:21.031,1.66075,1.66125,2.50,3.70
2010.09.17 08:10:21.873,1.6607,1.6611,1.60,1.00
2010.09.17 08:10:22.217,1.66075,1.66115,1.00,1.40
2010.09.17 08:10:22.554,1.6607,1.66115,1.00,1.50
2010.09.17 08:10:23.654,1.6607,1.66115,1.00,1.60
2010.09.17 08:10:24.283,1.6607,1.6611,1.00,1.50
2010.09.17 08:10:24.603,1.66065,1.6611,1.20,1.50
2010.09.17 08:10:25.332,1.66065,1.66105,1.00,1.00
2010.09.17 08:10:25.569,1.6607,1.6611,1.00,1.00
2010.09.17 08:10:26.390,1.66065,1.66115,1.00,1.00
2010.09.17 08:10:26.697,1.6607,1.6611,1.00,1.00
2010.09.17 08:10:28.006,1.6607,1.6611,1.00,1.50
2010.09.17 08:10:28.876,1.6607,1.66115,1.00,1.00
2010.09.17 08:10:29.205,1.6607,1.66115,1.00,1.00
2010.09.17 08:10:30.116,1.66075,1.6612,1.00,1.00
2010.09.17 08:10:30.796,1.6608,1.6612,1.00,1.00
2010.09.17 08:10:31.336,1.6608,1.6612,1.00,1.00
2010.09.17 08:10:31.628,1.66075,1.66115,1.00,1.00
2010.09.17 08:10:31.913,1.66075,1.66115,1.00,1.00
2010.09.17 08:10:32.253,1.66075,1.66115,1.00,1.00
2010.09.17 08:10:33.076,1.66075,1.66115,1.50,1.00
2010.09.17 08:10:33.179,1.66075,1.6612,2.00,1.00
2010.09.17 08:10:33.275,1.66075,1.6612,1.00,1.00
2010.09.17 08:10:33.971,1.66075,1.6612,1.00,1.50
2010.09.17 08:10:34.065,1.66075,1.66115,1.00,1.00
2010.09.17 08:10:34.999,1.6607,1.66115,1.00,1.00
2010.09.17 08:10:35.361,1.6606,1.66105,6.00,1.00
2010.09.17 08:10:35.694,1.66065,1.66105,1.00,1.00
2010.09.17 08:10:36.518,1.66065,1.6611,1.00,1.00
2010.09.17 08:10:36.765,1.66065,1.6611,1.00,1.00
2010.09.17 08:10:37.255,1.6607,1.6611,1.00,1.00
2010.09.17 08:10:37.505,1.6607,1.6611,1.00,1.00
2010.09.17 08:10:37.848,1.66065,1.6611,1.00,1.00
2010.09.17 08:10:38.706,1.66065,1.66105,1.00,1.00
2010.09.17 08:10:38.956,1.66065,1.66105,2.40,1.00
2010.09.17 08:10:39.690,1.66065,1.66105,1.90,1.00
2010.09.17 08:10:39.733,1.66065,1.66105,4.30,1.00
2010.09.17 08:10:40.043,1.66065,1.66105,4.40,1.00
2010.09.17 08:10:40.853,1.6607,1.6611,1.00,1.00
2010.09.17 08:10:41.194,1.66065,1.66105,1.00,1.00
2010.09.17 08:10:41.865,1.6606,1.66105,3.00,1.00
2010.09.17 08:10:42.470,1.6606,1.66105,3.20,1.00
2010.09.17 08:10:42.827,1.66065,1.66105,2.40,1.00
2010.09.17 08:10:43.167,1.6606,1.66105,1.00,1.50
2010.09.17 08:10:44.473,1.66055,1.661,1.00,1.00
2010.09.17 08:10:44.713,1.6606,1.661,1.00,1.00
2010.09.17 08:10:46.365,1.6606,1.661,1.00,1.00
2010.09.17 08:10:46.645,1.66055,1.661,1.00,1.00
2010.09.17 08:10:47.600,1.6606,1.66105,1.00,1.60
2010.09.17 08:10:47.769,1.6606,1.661,1.00,1.00
2010.09.17 08:10:48.412,1.6606,1.66105,1.00,1.50
2010.09.17 08:10:49.706,1.6606,1.66105,3.00,1.00
2010.09.17 08:10:50.230,1.6606,1.66105,5.40,1.00
2010.09.17 08:10:51.132,1.66065,1.66105,1.00,1.00
2010.09.17 08:10:51.436,1.66065,1.6611,1.00,1.00
2010.09.17 08:10:52.573,1.6607,1.6611,1.00,1.00
2010.09.17 08:10:55.155,1.66065,1.66105,1.00,1.00
2010.09.17 08:10:56.212,1.6607,1.6611,1.00,1.00
2010.09.17 08:10:57.287,1.66065,1.66105,1.00,1.00
2010.09.17 08:10:57.966,1.6607,1.66115,1.00,1.00
2010.09.17 08:10:58.304,1.6607,1.66115,1.00,1.00
2010.09.17 08:10:59.175,1.6607,1.6611,1.00,1.00
2010.09.17 08:11:00.759,1.6607,1.6611,1.00,1.00
2010.09.17 08:11:01.113,1.6607,1.66115,1.00,1.00
2010.09.17 08:11:02.332,1.6607,1.66115,1.00,1.00
2010.09.17 08:11:02.645,1.6607,1.66115,1.00,1.90
2010.09.17 08:11:03.807,1.6607,1.6611,1.00,1.00
2010.09.17 08:11:04.594,1.6607,1.66105,1.00,1.00
2010.09.17 08:11:05.754,1.6608,1.6612,1.00,1.00
2010.09.17 08:11:06.173,1.6608,1.6612,1.00,1.00
2010.09.17 08:11:10.646,1.66075,1.6611,1.00,1.00
2010.09.17 08:11:11.956,1.6607,1.6611,1.00,1.00
2010.09.17 08:11:12.301,1.6608,1.66115,1.00,3.80
2010.09.17 08:11:13.088,1.66075,1.66115,1.00,1.00
2010.09.17 08:11:13.376,1.6608,1.6612,1.00,1.00
2010.09.17 08:11:14.055,1.6607,1.66115,1.00,1.00
2010.09.17 08:11:14.720,1.6607,1.66115,1.00,1.00
2010.09.17 08:11:14.903,1.66075,1.66115,1.00,1.00
2010.09.17 08:11:15.244,1.66075,1.6611,1.00,1.00
2010.09.17 08:11:16.254,1.6606,1.66105,4.40,1.00
2010.09.17 08:11:17.351,1.6606,1.66105,6.80,1.00
2010.09.17 08:11:17.677,1.66065,1.66105,1.00,1.00
2010.09.17 08:11:18.004,1.66065,1.6611,1.00,1.00
2010.09.17 08:11:19.128,1.66065,1.66105,1.00,1.40
2010.09.17 08:11:19.468,1.66055,1.66105,1.00,6.30
2010.09.17 08:11:19.564,1.66055,1.66095,1.00,1.40
2010.09.17 08:11:19.665,1.6606,1.66095,1.00,1.40
2010.09.17 08:11:20.263,1.6606,1.66105,1.00,6.20
2010.09.17 08:11:20.376,1.66065,1.66115,1.00,4.30
2010.09.17 08:11:21.056,1.6606,1.6611,1.00,1.00
2010.09.17 08:11:21.398,1.66055,1.661,1.00,1.00
2010.09.17 08:11:22.250,1.66055,1.6609,1.00,1.40
2010.09.17 08:11:22.606,1.66045,1.66085,1.00,1.00
2010.09.17 08:11:23.560,1.66035,1.66085,2.30,1.00
2010.09.17 08:11:23.809,1.66035,1.6608,1.70,1.00
2010.09.17 08:11:24.535,1.66035,1.6608,1.60,1.00
2010.09.17 08:11:25.769,1.6604,1.66075,1.00,1.00
2010.09.17 08:11:27.138,1.66045,1.6608,1.00,1.00
2010.09.17 08:11:27.475,1.6604,1.66085,1.00,4.40
2010.09.17 08:11:28.351,1.6604,1.6608,1.00,1.00
2010.09.17 08:11:28.699,1.66035,1.66075,1.00,1.00
2010.09.17 08:11:29.542,1.66035,1.66075,1.00,1.00
2010.09.17 08:11:29.842,1.66035,1.6608,1.00,1.00
2010.09.17 08:11:30.136,1.66035,1.66075,1.00,1.00
2010.09.17 08:11:31.969,1.6604,1.6608,1.00,1.00
2010.09.17 08:11:32.109,1.6604,1.66085,1.50,1.00
2010.09.17 08:11:32.373,1.6604,1.66085,4.40,1.00
2010.09.17 08:11:32.994,1.66045,1.6609,1.00,1.00
2010.09.17 08:11:33.333,1.66045,1.66085,1.00,1.00
2010.09.17 08:11:33.673,1.6604,1.6608,4.40,1.00
2010.09.17 08:11:34.556,1.6604,1.66085,1.00,1.00
2010.09.17 08:11:35.725,1.66045,1.6608,1.00,1.00
2010.09.17 08:11:36.393,1.6604,1.66075,1.00,1.00
2010.09.17 08:11:37.347,1.66035,1.66075,1.00,1.00
2010.09.17 08:11:38.714,1.66035,1.6607,1.00,1.40
2010.09.17 08:11:38.870,1.66025,1.66065,1.00,1.00
2010.09.17 08:11:39.134,1.66025,1.66065,1.00,1.00
2010.09.17 08:11:39.781,1.66025,1.66065,1.00,1.00
2010.09.17 08:11:40.128,1.6603,1.66075,1.00,1.00
2010.09.17 08:11:41.290,1.6604,1.6608,1.00,1.00
2010.09.17 08:11:42.073,1.66035,1.66075,1.00,1.00
2010.09.17 08:11:42.999,1.6604,1.6608,1.00,1.00
2010.09.17 08:11:43.279,1.6604,1.66075,1.00,1.00
2010.09.17 08:11:43.726,1.6604,1.6608,1.00,3.00
2010.09.17 08:11:44.453,1.6604,1.6608,1.00,1.00
2010.09.17 08:11:44.753,1.66045,1.6608,1.00,1.00
2010.09.17 08:11:47.863,1.6604,1.6608,1.00,1.00
2010.09.17 08:11:51.008,1.66045,1.6608,1.00,1.00
2010.09.17 08:11:51.570,1.66045,1.6608,1.00,1.00
2010.09.17 08:11:51.593,1.66035,1.66075,1.00,1.00
2010.09.17 08:11:51.957,1.66035,1.66075,1.00,4.40
2010.09.17 08:11:52.295,1.66035,1.66075,1.00,4.40
2010.09.17 08:11:53.044,1.66035,1.66075,1.00,4.50
2010.09.17 08:11:53.334,1.66025,1.6607,1.00,1.00
2010.09.17 08:11:53.595,1.66025,1.66065,1.00,1.00
2010.09.17 08:11:54.826,1.66035,1.66075,1.00,4.40
2010.09.17 08:11:55.045,1.6603,1.66075,1.00,2.40
2010.09.17 08:11:55.597,1.6603,1.66075,1.00,3.90
2010.09.17 08:11:55.937,1.6603,1.6607,1.00,1.00
2010.09.17 08:11:57.420,1.6603,1.66065,1.00,1.00
2010.09.17 08:11:57.704,1.66025,1.66065,1.00,1.00
2010.09.17 08:11:57.978,1.66015,1.6605,6.20,1.00
2010.09.17 08:11:58.766,1.6601,1.66055,1.00,1.00
2010.09.17 08:11:59.013,1.66015,1.6606,1.00,2.00
2010.09.17 08:11:59.264,1.6601,1.6605,1.00,1.00
2010.09.17 08:12:00.074,1.6601,1.6606,1.00,2.00
2010.09.17 08:12:00.385,1.66015,1.6606,1.00,1.00
2010.09.17 08:12:01.237,1.6602,1.6606,1.00,1.00
2010.09.17 08:12:01.895,1.66015,1.6606,1.00,1.90
2010.09.17 08:12:03.069,1.66025,1.6606,1.00,1.00
2010.09.17 08:12:03.286,1.6603,1.6607,1.00,1.00
2010.09.17 08:12:03.495,1.66035,1.6607,2.40,1.00
2010.09.17 08:12:04.008,1.66035,1.6607,2.90,1.00
2010.09.17 08:12:04.219,1.66035,1.6607,2.90,1.00
2010.09.17 08:12:04.566,1.66035,1.66075,2.90,1.00
2010.09.17 08:12:05.433,1.6604,1.66075,2.40,1.00
2010.09.17 08:12:05.710,1.6604,1.66075,4.80,1.00
2010.09.17 08:12:05.987,1.6604,1.6608,4.80,1.00
2010.09.17 08:12:06.833,1.66035,1.6608,1.00,1.00
2010.09.17 08:12:07.173,1.66035,1.66075,1.00,1.00
2010.09.17 08:12:07.882,1.66035,1.66075,1.00,1.00
2010.09.17 08:12:08.189,1.6603,1.6607,1.00,1.00
2010.09.17 08:12:09.926,1.6603,1.66075,1.00,1.60
2010.09.17 08:12:10.152,1.66025,1.6607,1.00,1.00
2010.09.17 08:12:11.173,1.66035,1.6607,1.00,1.00
2010.09.17 08:12:11.522,1.66035,1.66085,1.00,6.80
2010.09.17 08:12:11.865,1.66035,1.66085,1.00,1.00
2010.09.17 08:12:12.706,1.6604,1.66085,1.00,1.00
2010.09.17 08:12:13.917,1.6603,1.6607,1.00,1.00
2010.09.17 08:12:14.256,1.66035,1.6607,1.00,1.00
2010.09.17 08:12:15.485,1.66035,1.6607,1.00,1.00
2010.09.17 08:12:16.976,1.6603,1.6607,1.00,1.00
2010.09.17 08:12:17.134,1.6603,1.66075,1.00,4.80
2010.09.17 08:12:17.293,1.6603,1.6608,1.00,6.80
2010.09.17 08:12:17.961,1.6603,1.6608,1.00,1.80
2010.09.17 08:12:18.310,1.6603,1.66075,1.00,1.00
2010.09.17 08:12:18.658,1.6603,1.66075,1.00,1.00
2010.09.17 08:12:19.519,1.66035,1.66075,1.00,1.00
2010.09.17 08:12:20.672,1.6604,1.66075,1.00,1.00
2010.09.17 08:12:21.205,1.66045,1.66075,1.00,1.00
2010.09.17 08:12:22.616,1.66045,1.66085,1.00,1.80
2010.09.17 08:12:22.955,1.66045,1.6608,1.00,1.40
2010.09.17 08:12:23.812,1.66045,1.66085,1.00,1.00
2010.09.17 08:12:24.009,1.66065,1.66085,1.00,1.00
2010.09.17 08:12:24.406,1.66065,1.6611,1.00,1.00
2010.09.17 08:12:25.094,1.6607,1.66115,1.00,1.00
2010.09.17 08:12:25.733,1.66075,1.66115,1.00,1.00
2010.09.17 08:12:26.053,1.66075,1.6612,1.00,1.50
2010.09.17 08:12:27.040,1.66075,1.66105,1.00,1.60
2010.09.17 08:12:27.235,1.6606,1.66095,4.80,1.00
2010.09.17 08:12:27.436,1.66055,1.66095,1.70,1.00
2010.09.17 08:12:27.989,1.66055,1.6609,1.70,1.60
2010.09.17 08:12:28.197,1.66045,1.66075,1.00,1.00
2010.09.17 08:12:28.538,1.6604,1.6607,1.00,1.00
2010.09.17 08:12:29.400,1.66035,1.6607,1.00,1.00
2010.09.17 08:12:30.085,1.66035,1.6607,1.00,1.00
2010.09.17 08:12:30.807,1.6603,1.6607,1.00,1.00
2010.09.17 08:12:31.091,1.66035,1.66075,1.00,1.00
2010.09.17 08:12:31.544,1.6604,1.6608,1.00,1.00
2010.09.17 08:12:31.974,1.66035,1.6608,1.60,1.00
2010.09.17 08:12:32.514,1.66035,1.6608,2.10,1.00
2010.09.17 08:12:32.716,1.66045,1.66085,1.00,1.00
2010.09.17 08:12:32.916,1.6604,1.66085,1.00,1.00
2010.09.17 08:12:33.315,1.66045,1.66085,1.00,1.00
2010.09.17 08:12:34.776,1.66045,1.6608,1.00,1.00
2010.09.17 08:12:36.613,1.66045,1.66085,1.00,1.00
2010.09.17 08:12:36.862,1.66045,1.6608,1.00,1.00
2010.09.17 08:12:37.725,1.66045,1.66085,1.00,1.00
2010.09.17 08:12:38.612,1.66045,1.66085,1.00,1.00
2010.09.17 08:12:39.553,1.6605,1.66085,1.00,1.00
2010.09.17 08:12:39.858,1.6605,1.661,4.40,1.00
2010.09.17 08:12:40.460,1.6605,1.66095,2.40,2.40
2010.09.17 08:12:41.040,1.66045,1.66095,2.40,2.40
2010.09.17 08:12:41.255,1.6604,1.66095,2.90,2.40
2010.09.17 08:12:41.465,1.66045,1.66095,1.00,4.70
2010.09.17 08:12:41.674,1.66045,1.66095,1.00,4.80
2010.09.17 08:12:43.408,1.66045,1.66095,1.00,4.50
2010.09.17 08:12:45.143,1.66045,1.66095,1.00,2.10
2010.09.17 08:12:45.483,1.66045,1.66095,1.00,4.50
2010.09.17 08:12:46.374,1.66045,1.66095,1.00,2.10
2010.09.17 08:12:50.042,1.66045,1.6609,1.00,1.00
2010.09.17 08:12:50.174,1.66045,1.66085,1.00,2.40
2010.09.17 08:12:50.307,1.66045,1.6608,1.00,1.00
2010.09.17 08:12:50.436,1.66045,1.6608,1.00,4.40
2010.09.17 08:12:51.354,1.66045,1.6608,1.00,4.40
2010.09.17 08:12:51.807,1.6605,1.6608,1.00,4.40
2010.09.17 08:12:52.155,1.66045,1.6608,1.00,2.90
2010.09.17 08:12:52.334,1.66045,1.6608,1.00,1.00
2010.09.17 08:12:53.251,1.6605,1.6608,1.00,1.00
2010.09.17 08:12:53.494,1.66045,1.66085,1.00,1.00
2010.09.17 08:12:54.582,1.66055,1.66095,1.00,1.00
2010.09.17 08:12:55.204,1.6606,1.66095,1.00,1.00
2010.09.17 08:12:55.514,1.66065,1.66095,1.00,1.00
2010.09.17 08:12:56.685,1.6606,1.66095,1.00,1.00
2010.09.17 08:12:58.429,1.66055,1.66095,1.00,1.00
2010.09.17 08:12:58.513,1.66055,1.6609,1.00,2.00
2010.09.17 08:12:59.073,1.66055,1.6609,1.00,1.00
2010.09.17 08:13:00.372,1.6606,1.6609,1.00,1.00
2010.09.17 08:13:00.563,1.66065,1.6609,1.00,1.00
2010.09.17 08:13:03.665,1.66065,1.66095,1.00,2.00
2010.09.17 08:13:04.199,1.6606,1.66095,1.00,2.00
2010.09.17 08:13:04.288,1.66065,1.66095,1.00,1.00
2010.09.17 08:13:04.365,1.66055,1.6609,1.00,1.00
2010.09.17 08:13:04.523,1.6605,1.66095,1.00,1.00
2010.09.17 08:13:05.064,1.6605,1.6608,1.00,1.40
2010.09.17 08:13:05.155,1.66045,1.66075,1.00,1.00
2010.09.17 08:13:06.416,1.66045,1.66075,1.00,1.00
2010.09.17 08:13:08.545,1.6604,1.66075,1.00,1.00
2010.09.17 08:13:09.815,1.6604,1.66075,1.00,1.00
2010.09.17 08:13:10.973,1.6604,1.66075,1.00,1.00
2010.09.17 08:13:14.194,1.66035,1.6607,1.00,1.00
2010.09.17 08:13:15.172,1.66045,1.66075,1.00,1.00
2010.09.17 08:13:15.404,1.66035,1.6607,1.00,1.00
2010.09.17 08:13:19.436,1.66035,1.66075,1.00,1.00
2010.09.17 08:13:19.604,1.6604,1.66075,1.00,1.00
2010.09.17 08:13:20.845,1.66035,1.6608,1.00,1.60
2010.09.17 08:13:21.184,1.66045,1.66085,1.00,1.00
2010.09.17 08:13:22.015,1.6604,1.6609,2.10,1.00
2010.09.17 08:13:22.277,1.6604,1.6609,6.40,1.00
2010.09.17 08:13:22.534,1.66045,1.6609,1.00,1.00
2010.09.17 08:13:23.469,1.66055,1.6609,1.00,1.00
2010.09.17 08:13:24.663,1.6606,1.6609,1.00,1.00
2010.09.17 08:13:25.484,1.66055,1.6609,1.00,1.00
2010.09.17 08:13:26.998,1.6606,1.6609,1.00,1.00
2010.09.17 08:13:29.003,1.66055,1.6609,1.00,1.00
2010.09.17 08:13:29.233,1.6606,1.6609,1.00,1.00
2010.09.17 08:13:30.554,1.6606,1.66095,1.00,1.00
2010.09.17 08:13:30.695,1.6606,1.66095,1.00,1.00
2010.09.17 08:13:30.837,1.6605,1.6609,1.00,2.50
2010.09.17 08:13:30.976,1.6605,1.66085,1.00,1.00
2010.09.17 08:13:31.394,1.6605,1.6609,1.00,2.50
2010.09.17 08:13:32.064,1.6605,1.6609,1.00,1.00
2010.09.17 08:13:32.747,1.66045,1.66085,1.00,1.00
2010.09.17 08:13:32.905,1.6605,1.66085,1.00,1.00
2010.09.17 08:13:33.066,1.66055,1.66095,1.00,1.00
2010.09.17 08:13:33.738,1.66055,1.6609,1.00,1.40
2010.09.17 08:13:34.039,1.66045,1.6608,1.00,1.00
2010.09.17 08:13:34.852,1.66045,1.6608,1.00,1.80
2010.09.17 08:13:35.201,1.6605,1.6608,1.00,1.80
2010.09.17 08:13:35.886,1.6605,1.66085,1.00,2.00
2010.09.17 08:13:36.753,1.6605,1.66085,1.00,4.40
2010.09.17 08:13:37.098,1.6605,1.6608,1.00,2.00
2010.09.17 08:13:38.575,1.66055,1.6608,1.00,2.00
2010.09.17 08:13:38.784,1.66055,1.6608,1.00,1.00
2010.09.17 08:13:40.084,1.6606,1.6608,1.00,1.00
2010.09.17 08:13:41.923,1.66055,1.6608,1.00,1.00
2010.09.17 08:13:42.135,1.6605,1.6608,1.00,2.00
2010.09.17 08:13:42.554,1.6605,1.66075,1.00,1.00
2010.09.17 08:13:43.295,1.66035,1.66075,1.00,1.00
2010.09.17 08:13:43.604,1.66035,1.6607,1.00,4.80
2010.09.17 08:13:44.406,1.66035,1.6607,1.00,1.80
2010.09.17 08:13:44.706,1.6603,1.66065,1.00,4.20
2010.09.17 08:13:45.035,1.66025,1.6606,1.00,2.00
2010.09.17 08:13:45.879,1.66025,1.6606,1.00,4.40
2010.09.17 08:13:46.197,1.6602,1.6606,1.00,6.80
2010.09.17 08:13:46.503,1.6602,1.6606,1.00,4.40
2010.09.17 08:13:47.387,1.6602,1.6606,1.00,4.40
2010.09.17 08:13:48.015,1.6602,1.6606,1.00,1.00
2010.09.17 08:13:48.538,1.6602,1.66065,1.00,1.00
2010.09.17 08:13:48.859,1.66015,1.6606,1.00,4.30
2010.09.17 08:13:49.404,1.6602,1.6606,1.00,2.40
2010.09.17 08:13:49.676,1.6602,1.6606,1.00,2.00
2010.09.17 08:13:50.525,1.66015,1.66055,1.00,1.00
2010.09.17 08:13:50.846,1.66,1.66055,7.10,2.00
2010.09.17 08:13:51.033,1.66,1.6605,1.70,1.00
2010.09.17 08:13:51.845,1.66,1.6605,1.60,1.00
2010.09.17 08:13:52.114,1.66005,1.66055,1.00,4.30
2010.09.17 08:13:52.841,1.66005,1.66055,1.00,1.00
2010.09.17 08:13:53.201,1.6601,1.66055,2.90,1.00
2010.09.17 08:13:53.549,1.66015,1.6606,3.00,1.00
2010.09.17 08:13:54.491,1.6602,1.6606,2.40,1.00
2010.09.17 08:13:54.934,1.66025,1.66065,1.00,1.00
2010.09.17 08:13:55.846,1.66025,1.66065,1.00,1.00
2010.09.17 08:13:56.186,1.6602,1.66065,1.00,1.00
2010.09.17 08:13:56.706,1.6602,1.66065,1.60,1.00
2010.09.17 08:13:57.046,1.66025,1.6607,1.00,1.00
2010.09.17 08:13:57.386,1.66025,1.66065,1.00,1.00
2010.09.17 08:13:57.725,1.6603,1.6607,1.00,1.00
2010.09.17 08:13:58.609,1.66025,1.66065,1.00,1.00
2010.09.17 08:13:58.954,1.66025,1.6607,1.00,1.00
2010.09.17 08:13:59.184,1.66025,1.66065,1.00,1.00
2010.09.17 08:14:00.146,1.6603,1.66075,1.00,5.60
2010.09.17 08:14:00.304,1.6603,1.6607,1.00,2.00
2010.09.17 08:14:00.465,1.6603,1.6607,1.00,4.40
2010.09.17 08:14:01.188,1.66025,1.6607,1.00,4.40
2010.09.17 08:14:01.531,1.6603,1.66065,1.00,4.80
2010.09.17 08:14:02.710,1.6602,1.6606,1.00,1.00
2010.09.17 08:14:03.394,1.6602,1.6606,1.00,1.00
2010.09.17 08:14:04.476,1.6603,1.66065,1.00,4.80
2010.09.17 08:14:06.665,1.6603,1.6607,1.00,4.50
2010.09.17 08:14:07.733,1.6603,1.6607,1.00,1.00
2010.09.17 08:14:08.410,1.66025,1.6607,1.00,1.00
2010.09.17 08:14:08.597,1.6603,1.66075,1.00,1.00
2010.09.17 08:14:10.049,1.6603,1.66075,4.00,1.00
2010.09.17 08:14:10.145,1.6604,1.66085,1.00,1.60
2010.09.17 08:14:10.739,1.6604,1.66085,1.50,1.60
2010.09.17 08:14:10.839,1.66045,1.66085,1.00,1.60
2010.09.17 08:14:10.935,1.6605,1.66085,1.00,1.60
2010.09.17 08:14:11.826,1.6605,1.66085,1.00,1.60
2010.09.17 08:14:12.167,1.66055,1.66085,1.00,1.60
2010.09.17 08:14:12.584,1.6605,1.66085,1.00,1.60
2010.09.17 08:14:13.751,1.66055,1.66085,1.00,1.60
2010.09.17 08:14:14.507,1.6605,1.66085,1.00,1.60
2010.09.17 08:14:16.816,1.66045,1.66085,1.00,1.60
2010.09.17 08:14:17.155,1.6604,1.6609,5.60,1.00
2010.09.17 08:14:17.497,1.6605,1.6609,1.00,1.00
2010.09.17 08:14:18.336,1.6605,1.66095,1.00,1.00
2010.09.17 08:14:18.634,1.66045,1.66095,1.00,1.00
2010.09.17 08:14:18.936,1.66055,1.66095,1.00,1.00
2010.09.17 08:14:19.766,1.6606,1.66095,1.00,1.00
2010.09.17 08:14:20.083,1.6606,1.661,1.00,5.50
2010.09.17 08:14:20.405,1.6606,1.661,1.00,5.60
2010.09.17 08:14:20.915,1.6605,1.66095,1.00,1.00
2010.09.17 08:14:21.210,1.66055,1.66095,1.00,1.00
2010.09.17 08:14:22.937,1.6605,1.6609,1.00,1.00
2010.09.17 08:14:23.948,1.66045,1.6609,1.00,1.00
2010.09.17 08:14:24.225,1.6604,1.6608,1.00,1.00
2010.09.17 08:14:24.504,1.6604,1.66085,1.00,4.60
2010.09.17 08:14:24.784,1.6604,1.6608,1.00,1.00
2010.09.17 08:14:25.388,1.66045,1.66085,1.00,4.70
2010.09.17 08:14:25.722,1.66045,1.66085,1.00,2.30
2010.09.17 08:14:26.058,1.66045,1.6608,1.00,1.00
2010.09.17 08:14:26.385,1.6605,1.66085,1.00,4.60
2010.09.17 08:14:27.259,1.66045,1.66085,1.00,1.00
2010.09.17 08:14:27.608,1.66045,1.6608,1.00,1.00
2010.09.17 08:14:29.015,1.6605,1.66085,1.00,4.60
2010.09.17 08:14:29.186,1.66045,1.66085,1.00,2.40
2010.09.17 08:14:29.355,1.66045,1.66085,1.00,2.50
2010.09.17 08:14:29.900,1.66045,1.66085,1.00,1.00
2010.09.17 08:14:30.220,1.6605,1.66095,1.00,1.00
2010.09.17 08:14:31.343,1.66045,1.6609,1.00,1.00
2010.09.17 08:14:31.638,1.6605,1.6609,1.00,1.00
2010.09.17 08:14:31.909,1.66055,1.66095,1.00,1.00
2010.09.17 08:14:32.187,1.6605,1.6609,1.00,1.00
2010.09.17 08:14:34.623,1.6605,1.66095,1.00,1.00
2010.09.17 08:14:35.405,1.6605,1.66095,1.00,4.80
2010.09.17 08:14:35.559,1.66055,1.661,1.00,2.90
2010.09.17 08:14:36.284,1.6606,1.661,1.00,2.80
2010.09.17 08:14:36.664,1.66055,1.661,1.00,2.80
2010.09.17 08:14:37.383,1.6606,1.661,1.00,2.90
2010.09.17 08:14:40.053,1.6606,1.661,1.00,3.20
2010.09.17 08:14:42.132,1.66055,1.661,1.00,3.20
2010.09.17 08:14:42.306,1.66055,1.6609,1.00,2.10
2010.09.17 08:14:42.625,1.6605,1.6609,1.00,2.20
2010.09.17 08:14:43.537,1.66045,1.66085,1.00,6.90
2010.09.17 08:14:44.814,1.6605,1.66085,1.00,6.90
2010.09.17 08:14:45.456,1.66035,1.6608,1.00,1.00
2010.09.17 08:14:45.587,1.66035,1.66075,1.00,1.00
2010.09.17 08:14:45.718,1.66035,1.66075,1.00,2.20
2010.09.17 08:14:46.366,1.66035,1.66065,1.00,2.40
2010.09.17 08:14:46.706,1.66025,1.66065,1.60,1.40
2010.09.17 08:14:47.044,1.6602,1.66065,1.00,1.50
2010.09.17 08:14:48.215,1.6602,1.6606,1.00,1.00
2010.09.17 08:14:48.815,1.6602,1.6606,1.00,4.80
2010.09.17 08:14:49.014,1.6602,1.66055,1.00,1.00
2010.09.17 08:14:49.213,1.6602,1.66055,1.00,1.00
2010.09.17 08:14:49.919,1.6602,1.66055,1.00,1.00
2010.09.17 08:14:50.603,1.6602,1.6606,1.00,1.00
2010.09.17 08:14:53.721,1.66025,1.6606,1.00,1.00
2010.09.17 08:14:53.903,1.6602,1.6606,1.00,1.00
2010.09.17 08:14:53.993,1.6602,1.6606,1.00,2.50
2010.09.17 08:14:54.539,1.6602,1.6606,1.00,4.90
2010.09.17 08:14:55.046,1.6602,1.66055,1.00,1.00
2010.09.17 08:14:55.545,1.66015,1.6605,1.00,1.00
2010.09.17 08:14:55.793,1.66015,1.6605,1.00,1.00
2010.09.17 08:14:57.413,1.6601,1.66045,1.00,1.00
2010.09.17 08:14:58.183,1.6601,1.6605,1.00,1.00
2010.09.17 08:14:58.372,1.6601,1.66045,1.00,1.00
2010.09.17 08:14:58.557,1.6601,1.6605,1.00,1.00
2010.09.17 08:14:58.736,1.66015,1.6605,1.00,1.00
2010.09.17 08:14:59.943,1.66015,1.6605,1.00,1.00
2010.09.17 08:15:00.503,1.66015,1.6605,1.00,1.00
2010.09.17 08:15:00.723,1.66015,1.6605,1.00,1.00
2010.09.17 08:15:01.804,1.66015,1.6605,1.00,1.00
2010.09.17 08:15:02.243,1.66015,1.66055,1.00,1.00
2010.09.17 08:15:04.948,1.6601,1.66055,3.20,1.00
2010.09.17 08:15:05.054,1.6601,1.66055,4.70,1.00
2010.09.17 08:15:05.113,1.6602,1.66065,1.00,1.00
2010.09.17 08:15:05.173,1.6602,1.66065,1.00,1.00
2010.09.17 08:15:05.324,1.6602,1.66065,1.00,1.00
2010.09.17 08:15:06.605,1.6602,1.6606,1.00,1.00
2010.09.17 08:15:06.904,1.6602,1.6606,1.00,1.00
2010.09.17 08:15:07.566,1.6602,1.6606,1.00,1.00
2010.09.17 08:15:07.906,1.66025,1.6607,1.00,1.00
2010.09.17 08:15:08.245,1.6602,1.6607,1.00,7.10
2010.09.17 08:15:08.966,1.6602,1.66065,1.00,1.00
2010.09.17 08:15:09.646,1.66015,1.6606,1.00,1.00
2010.09.17 08:15:09.853,1.66015,1.66055,1.00,1.00
2010.09.17 08:15:11.414,1.66015,1.6606,1.00,1.00
2010.09.17 08:15:11.573,1.66015,1.66055,1.00,1.00
2010.09.17 08:15:12.666,1.66015,1.6606,1.00,1.00
2010.09.17 08:15:13.297,1.66015,1.66055,1.00,1.00
2010.09.17 08:15:18.734,1.66015,1.66055,1.00,1.00
2010.09.17 08:15:18.915,1.6601,1.66055,2.80,1.00
2010.09.17 08:15:19.154,1.6601,1.66055,1.00,1.00
2010.09.17 08:15:20.563,1.6601,1.6605,1.00,1.00
2010.09.17 08:15:21.493,1.6601,1.66045,1.00,1.00
2010.09.17 08:15:21.793,1.6601,1.6605,1.00,1.00
2010.09.17 08:15:23.747,1.66015,1.6605,1.00,1.00
2010.09.17 08:15:24.424,1.6602,1.66055,1.00,1.00
2010.09.17 08:15:25.290,1.66015,1.66055,1.00,2.50
2010.09.17 08:15:25.648,1.66005,1.6605,1.00,2.40
2010.09.17 08:15:26.255,1.66,1.6605,1.00,2.50
2010.09.17 08:15:27.038,1.66005,1.6605,1.00,2.50
2010.09.17 08:15:27.195,1.65995,1.6604,1.00,1.00
2010.09.17 08:15:27.355,1.66,1.66045,1.00,1.00
2010.09.17 08:15:27.814,1.66,1.66045,1.00,2.40
2010.09.17 08:15:28.618,1.65995,1.66035,1.20,1.00
2010.09.17 08:15:30.036,1.65995,1.6603,1.00,1.00
2010.09.17 08:15:30.714,1.65995,1.66035,1.00,1.00
2010.09.17 08:15:32.585,1.65995,1.6604,1.00,1.00
2010.09.17 08:15:33.449,1.65995,1.6604,1.00,2.50
2010.09.17 08:15:33.953,1.65995,1.66035,1.00,1.00
2010.09.17 08:15:35.031,1.65995,1.6603,1.00,1.00
2010.09.17 08:15:35.338,1.6599,1.66025,1.00,1.00
2010.09.17 08:15:35.644,1.6599,1.6603,1.00,1.00
2010.09.17 08:15:38.253,1.65995,1.6603,1.00,1.00
2010.09.17 08:15:39.089,1.6599,1.66025,1.00,1.00
2010.09.17 08:15:40.648,1.66,1.66035,1.40,1.00
2010.09.17 08:15:40.987,1.65995,1.6604,1.00,1.00
2010.09.17 08:15:41.094,1.65995,1.66035,1.00,1.00
2010.09.17 08:15:42.306,1.66,1.6604,1.40,1.00
2010.09.17 08:15:42.646,1.66005,1.66045,1.00,1.00
2010.09.17 08:15:43.475,1.66005,1.66045,1.00,1.00
2010.09.17 08:15:43.754,1.66005,1.6604,1.00,1.00
2010.09.17 08:15:44.034,1.66005,1.6604,1.00,1.00
2010.09.17 08:15:46.193,1.66005,1.66045,1.00,1.00
2010.09.17 08:15:46.333,1.66005,1.66045,1.00,1.00
2010.09.17 08:15:46.473,1.66005,1.66045,1.00,1.00
2010.09.17 08:15:47.682,1.66005,1.66045,1.00,1.00
2010.09.17 08:15:47.773,1.6601,1.66045,1.00,1.00
2010.09.17 08:15:48.753,1.66,1.66045,6.40,1.00
2010.09.17 08:15:49.115,1.66005,1.66045,1.00,1.00
2010.09.17 08:15:49.456,1.6601,1.66045,1.00,1.00
2010.09.17 08:15:51.087,1.66015,1.6605,3.20,1.00
2010.09.17 08:15:51.130,1.66015,1.66055,3.20,1.00
2010.09.17 08:15:51.196,1.66015,1.66055,1.00,1.00
2010.09.17 08:15:51.775,1.66015,1.6606,1.00,1.00
2010.09.17 08:15:52.003,1.6602,1.6606,1.00,1.00
2010.09.17 08:15:53.353,1.6602,1.6606,1.00,1.00
2010.09.17 08:15:54.304,1.6601,1.66055,6.30,1.00
2010.09.17 08:15:54.416,1.66015,1.66055,1.00,1.00
2010.09.17 08:15:54.524,1.66015,1.66055,1.00,1.00
2010.09.17 08:15:54.634,1.66015,1.66055,1.00,1.00
2010.09.17 08:15:55.196,1.66015,1.66055,2.20,1.00
2010.09.17 08:15:55.308,1.66015,1.66055,3.20,1.00
2010.09.17 08:15:55.986,1.66015,1.6605,3.20,1.00
2010.09.17 08:15:56.325,1.66015,1.6605,1.00,1.00
2010.09.17 08:15:57.595,1.66015,1.66055,1.00,1.00
2010.09.17 08:15:57.758,1.66015,1.6606,1.00,1.00
2010.09.17 08:15:59.047,1.6602,1.6606,1.00,1.00
2010.09.17 08:15:59.954,1.66015,1.6606,1.00,1.00
2010.09.17 08:16:00.184,1.66015,1.6606,1.00,1.00
2010.09.17 08:16:00.918,1.66005,1.66055,1.00,2.50
2010.09.17 08:16:01.675,1.6601,1.66055,1.00,2.50
2010.09.17 08:16:02.434,1.6601,1.66055,1.00,2.50
2010.09.17 08:16:03.031,1.66005,1.6605,1.00,1.00
2010.09.17 08:16:03.579,1.66005,1.6605,1.00,1.00
2010.09.17 08:16:04.194,1.6601,1.66055,1.00,3.80
2010.09.17 08:16:04.541,1.66015,1.66055,1.00,2.40
2010.09.17 08:16:04.887,1.66015,1.66055,1.00,2.40
2010.09.17 08:16:05.736,1.6602,1.6606,1.00,1.00
2010.09.17 08:16:06.992,1.66015,1.6606,1.00,2.40
2010.09.17 08:16:07.315,1.6601,1.66055,1.00,4.70
2010.09.17 08:16:07.639,1.66005,1.6605,1.00,1.00
2010.09.17 08:16:07.814,1.66005,1.6605,1.00,1.00
2010.09.17 08:16:07.984,1.66005,1.6605,1.00,2.50
2010.09.17 08:16:08.156,1.66005,1.66045,1.00,1.00
2010.09.17 08:16:08.946,1.66005,1.66045,1.00,1.00
2010.09.17 08:16:09.833,1.6601,1.66045,1.00,1.00
2010.09.17 08:16:10.911,1.6601,1.6605,1.00,2.40
2010.09.17 08:16:11.184,1.6601,1.6605,1.00,2.50
2010.09.17 08:16:11.274,1.6601,1.6605,1.00,2.40
2010.09.17 08:16:11.906,1.66005,1.6605,1.00,2.40
2010.09.17 08:16:12.246,1.6601,1.66055,1.00,2.40
2010.09.17 08:16:12.585,1.66015,1.66055,2.20,1.00
2010.09.17 08:16:13.464,1.66015,1.66055,2.30,1.00
2010.09.17 08:16:15.255,1.6602,1.66055,1.00,1.00
2010.09.17 08:16:15.335,1.6602,1.6606,1.00,1.00
2010.09.17 08:16:16.636,1.66015,1.6605,2.30,1.00
2010.09.17 08:16:17.654,1.6602,1.66055,1.80,1.00
2010.09.17 08:16:18.768,1.6602,1.66055,1.90,1.00
2010.09.17 08:16:19.444,1.6602,1.66055,1.80,1.00
2010.09.17 08:16:20.084,1.6602,1.66055,1.00,1.00
2010.09.17 08:16:20.338,1.6601,1.66055,1.00,2.50
2010.09.17 08:16:20.825,1.6601,1.6605,1.00,1.00
2010.09.17 08:16:21.076,1.6601,1.6605,1.00,1.00
2010.09.17 08:16:21.327,1.66015,1.66055,1.00,2.40
2010.09.17 08:16:21.575,1.6602,1.66065,1.00,7.00
2010.09.17 08:16:22.131,1.6602,1.66065,1.00,1.00
2010.09.17 08:16:22.288,1.66025,1.66065,1.00,1.00
2010.09.17 08:16:22.435,1.66025,1.6607,1.00,2.50
2010.09.17 08:16:22.587,1.66025,1.6607,1.00,1.00
2010.09.17 08:16:22.867,1.66035,1.66075,1.00,1.00
2010.09.17 08:16:23.449,1.66035,1.66075,1.00,1.00
2010.09.17 08:16:24.581,1.66035,1.66075,1.00,1.00
2010.09.17 08:16:25.605,1.66035,1.66075,1.00,1.00
2010.09.17 08:16:26.359,1.66035,1.66075,1.40,2.80
2010.09.17 08:16:26.527,1.66035,1.66075,1.00,2.40
2010.09.17 08:16:26.697,1.66045,1.6608,1.40,1.60
2010.09.17 08:16:27.375,1.66045,1.6609,1.40,1.00
2010.09.17 08:16:27.724,1.66045,1.66085,1.40,1.00
2010.09.17 08:16:28.745,1.66045,1.6609,1.40,2.40
2010.09.17 08:16:29.282,1.6605,1.6609,1.40,2.40
2010.09.17 08:16:29.611,1.66045,1.6608,1.00,2.50
2010.09.17 08:16:29.846,1.6603,1.6608,1.00,3.20
2010.09.17 08:16:30.865,1.66035,1.6607,1.40,1.00
2010.09.17 08:16:31.154,1.66035,1.66075,1.40,1.00
2010.09.17 08:16:31.733,1.66035,1.66075,1.50,1.00
2010.09.17 08:16:32.308,1.66035,1.6607,1.50,1.00
2010.09.17 08:16:32.643,1.66025,1.66065,1.50,1.00
2010.09.17 08:16:33.990,1.6602,1.66065,1.00,1.00
2010.09.17 08:16:35.110,1.6602,1.6606,1.00,1.00
2010.09.17 08:16:35.324,1.6602,1.66055,1.00,1.00
2010.09.17 08:16:36.572,1.66035,1.66065,2.20,1.00
2010.09.17 08:16:36.852,1.66025,1.6607,2.30,2.40
2010.09.17 08:16:37.128,1.66025,1.66065,1.00,1.00
2010.09.17 08:16:37.405,1.6602,1.66065,1.00,1.00
2010.09.17 08:16:38.514,1.6602,1.66065,1.00,1.00
2010.09.17 08:16:38.845,1.66035,1.6608,1.40,1.00
2010.09.17 08:16:39.474,1.6603,1.6608,2.30,1.00
2010.09.17 08:16:39.803,1.66045,1.66085,1.00,1.00
2010.09.17 08:16:40.121,1.66045,1.66085,1.00,1.00
2010.09.17 08:16:40.566,1.66045,1.66085,1.00,1.00
2010.09.17 08:16:41.300,1.6605,1.6608,1.00,1.00
2010.09.17 08:16:41.487,1.6605,1.6609,1.00,1.00
2010.09.17 08:16:41.674,1.6606,1.6609,1.00,1.00
2010.09.17 08:16:42.544,1.6605,1.66085,2.20,1.00
2010.09.17 08:16:42.821,1.6605,1.6608,2.20,1.00
2010.09.17 08:16:43.604,1.6605,1.6608,2.20,1.00
2010.09.17 08:16:44.214,1.6605,1.6608,1.40,1.00
2010.09.17 08:16:44.793,1.66045,1.6608,2.20,1.00
2010.09.17 08:16:45.574,1.66045,1.66075,2.20,1.00
2010.09.17 08:16:46.038,1.66045,1.6607,2.20,1.00
2010.09.17 08:16:46.780,1.6604,1.66075,2.20,1.00
2010.09.17 08:16:47.017,1.66045,1.66075,2.20,1.00
2010.09.17 08:16:47.743,1.66045,1.66075,2.20,1.00
2010.09.17 08:16:48.978,1.66045,1.6608,2.30,1.00
2010.09.17 08:16:49.861,1.66045,1.66075,2.20,1.00
2010.09.17 08:16:50.031,1.6606,1.6609,1.00,1.00
2010.09.17 08:16:50.379,1.6605,1.66085,1.00,1.00
2010.09.17 08:16:51.459,1.6606,1.661,1.40,2.50
2010.09.17 08:16:51.777,1.66065,1.66095,1.00,1.00
2010.09.17 08:16:52.602,1.66075,1.66105,1.00,1.00
2010.09.17 08:16:52.898,1.6607,1.66105,1.00,1.00
2010.09.17 08:16:53.477,1.6607,1.66105,1.00,1.00
2010.09.17 08:16:54.346,1.66075,1.66105,1.00,1.00
2010.09.17 08:16:54.675,1.6607,1.66105,1.00,1.00
2010.09.17 08:16:56.107,1.6607,1.661,1.00,1.00
2010.09.17 08:16:57.519,1.66065,1.66105,1.00,1.00
2010.09.17 08:16:58.644,1.66065,1.661,1.00,1.00
2010.09.17 08:16:59.493,1.6606,1.661,1.00,1.00
2010.09.17 08:16:59.766,1.6606,1.661,1.00,1.00
2010.09.17 08:17:00.579,1.6606,1.661,1.00,1.00
2010.09.17 08:17:00.916,1.66065,1.66105,1.00,5.30
2010.09.17 08:17:01.254,1.66065,1.66105,1.00,1.00
2010.09.17 08:17:02.045,1.66065,1.661,1.00,1.00
2010.09.17 08:17:02.315,1.6606,1.66105,1.00,2.30
2010.09.17 08:17:02.585,1.6606,1.661,1.00,2.50
2010.09.17 08:17:03.697,1.6606,1.661,1.00,4.80
2010.09.17 08:17:04.035,1.66055,1.661,1.00,2.40
2010.09.17 08:17:04.643,1.6606,1.66095,1.00,1.00
2010.09.17 08:17:05.566,1.66055,1.66095,1.00,1.00
2010.09.17 08:17:06.414,1.66055,1.6609,1.00,1.00
2010.09.17 08:17:07.237,1.66055,1.66095,1.00,1.00
2010.09.17 08:17:12.043,1.66055,1.6609,1.00,1.00
2010.09.17 08:17:13.187,1.66055,1.66095,1.00,1.00
2010.09.17 08:17:13.475,1.6605,1.66095,1.00,1.00
2010.09.17 08:17:13.765,1.66055,1.661,1.00,2.40
2010.09.17 08:17:14.636,1.6606,1.661,1.00,2.40
2010.09.17 08:17:14.970,1.66055,1.66095,1.00,1.00
2010.09.17 08:17:17.319,1.6606,1.661,1.00,1.60
2010.09.17 08:17:17.605,1.66055,1.661,1.00,1.00
2010.09.17 08:17:18.769,1.66055,1.66095,1.00,1.00
2010.09.17 08:17:20.551,1.66055,1.6609,1.00,1.00
2010.09.17 08:17:20.660,1.66045,1.6609,1.00,1.00
2010.09.17 08:17:20.765,1.66045,1.6609,1.00,1.00
2010.09.17 08:17:21.321,1.66045,1.66085,1.00,3.20
2010.09.17 08:17:21.468,1.6604,1.6609,1.00,2.20
2010.09.17 08:17:22.732,1.6604,1.6608,1.00,1.00
2010.09.17 08:17:23.215,1.6604,1.66085,1.00,1.00
2010.09.17 08:17:24.683,1.6604,1.6608,1.00,1.00
2010.09.17 08:17:26.107,1.6603,1.66075,1.00,1.00
2010.09.17 08:17:26.274,1.6603,1.66075,1.00,1.00
2010.09.17 08:17:27.296,1.66035,1.66075,1.00,1.00
2010.09.17 08:17:29.541,1.66025,1.66065,1.60,1.00
2010.09.17 08:17:29.834,1.66025,1.66065,1.00,1.00
2010.09.17 08:17:30.515,1.66025,1.66065,1.00,1.00
2010.09.17 08:17:31.529,1.66025,1.6606,1.00,1.00
2010.09.17 08:17:32.368,1.66015,1.66055,1.00,1.40
2010.09.17 08:17:33.078,1.66015,1.66055,1.00,2.10
2010.09.17 08:17:33.259,1.66005,1.6605,1.00,2.20
2010.09.17 08:17:33.604,1.6601,1.6605,1.00,1.40
2010.09.17 08:17:33.784,1.6601,1.66055,1.00,1.00
2010.09.17 08:17:33.965,1.6601,1.66055,1.00,1.00
2010.09.17 08:17:34.143,1.6601,1.66055,1.60,1.00
2010.09.17 08:17:34.761,1.66015,1.6606,1.00,2.30
2010.09.17 08:17:35.378,1.66015,1.66055,1.00,1.00
2010.09.17 08:17:35.846,1.6602,1.66055,1.00,1.00
2010.09.17 08:17:36.826,1.66025,1.6606,1.00,2.10
2010.09.17 08:17:36.964,1.66025,1.66065,1.00,2.40
2010.09.17 08:17:37.363,1.66025,1.66065,1.00,1.00
2010.09.17 08:17:37.980,1.6602,1.6606,1.00,1.00
2010.09.17 08:17:38.308,1.66025,1.66065,1.00,1.00
2010.09.17 08:17:38.926,1.6603,1.66065,1.00,1.00
2010.09.17 08:17:41.477,1.6603,1.66065,1.00,1.00
2010.09.17 08:17:41.744,1.66025,1.6607,1.00,1.60
2010.09.17 08:17:42.008,1.66025,1.66065,1.00,3.20
2010.09.17 08:17:42.867,1.66025,1.66065,1.00,1.00
2010.09.17 08:17:43.205,1.66025,1.6607,1.00,3.20
2010.09.17 08:17:44.066,1.66025,1.66065,1.00,1.00
2010.09.17 08:17:44.405,1.6603,1.6607,1.00,1.00
2010.09.17 08:17:44.964,1.66025,1.6607,1.00,1.00
2010.09.17 08:17:45.301,1.66025,1.6607,1.00,1.00
2010.09.17 08:17:46.110,1.6602,1.6606,1.00,1.00
2010.09.17 08:17:46.435,1.6602,1.66065,1.00,1.00
2010.09.17 08:17:46.774,1.6602,1.6606,1.00,1.00
2010.09.17 08:17:47.115,1.6602,1.66065,1.00,1.00
2010.09.17 08:17:47.989,1.6603,1.66075,1.00,1.00
2010.09.17 08:17:48.327,1.66025,1.6607,1.00,1.00
2010.09.17 08:17:48.577,1.6604,1.66075,1.00,2.90
2010.09.17 08:17:49.108,1.6604,1.66075,1.00,2.10
2010.09.17 08:17:49.368,1.66045,1.66095,2.40,1.00
2010.09.17 08:17:50.221,1.66045,1.6609,2.40,1.40
2010.09.17 08:17:50.559,1.6604,1.66085,1.00,1.00
2010.09.17 08:17:51.497,1.66045,1.66085,1.00,1.00
2010.09.17 08:17:51.839,1.66045,1.6609,1.00,1.00
2010.09.17 08:17:52.709,1.6604,1.6608,1.00,1.00
2010.09.17 08:17:53.155,1.6603,1.66075,2.30,1.60
2010.09.17 08:17:53.720,1.6603,1.66075,1.90,4.00
2010.09.17 08:17:54.041,1.6606,1.661,1.00,1.60
2010.09.17 08:17:54.882,1.6606,1.66105,1.00,5.30
2010.09.17 08:17:55.231,1.6606,1.66105,1.00,2.00
2010.09.17 08:17:55.579,1.6606,1.66105,1.00,2.00
2010.09.17 08:17:56.344,1.6605,1.661,2.40,1.00
2010.09.17 08:17:56.616,1.6605,1.661,1.00,2.20
2010.09.17 08:17:57.425,1.6605,1.66095,1.00,1.00
2010.09.17 08:17:58.265,1.66045,1.6609,1.00,1.00
2010.09.17 08:17:58.537,1.66045,1.66085,1.00,1.00
2010.09.17 08:17:59.523,1.6605,1.66085,1.00,1.00
2010.09.17 08:17:59.681,1.66035,1.66075,1.00,1.00
2010.09.17 08:17:59.837,1.66025,1.66075,1.00,1.00
2010.09.17 08:18:00.475,1.66025,1.66065,1.00,1.40
2010.09.17 08:18:00.644,1.66005,1.66055,2.40,1.40
2010.09.17 08:18:00.994,1.66005,1.66055,1.00,1.00
2010.09.17 08:18:02.675,1.66005,1.6605,1.00,1.00
2010.09.17 08:18:03.571,1.66005,1.6605,1.00,1.00
2010.09.17 08:18:04.275,1.66005,1.6605,1.00,1.00
2010.09.17 08:18:04.598,1.6601,1.6605,1.00,1.00
2010.09.17 08:18:05.775,1.66015,1.6605,1.00,1.00
2010.09.17 08:18:06.645,1.66005,1.66045,1.00,1.00
2010.09.17 08:18:07.222,1.66,1.66045,1.70,1.00
2010.09.17 08:18:07.461,1.66005,1.6605,1.00,1.00
2010.09.17 08:18:08.437,1.6602,1.6606,1.00,1.00
2010.09.17 08:18:08.777,1.6602,1.66065,1.00,1.00
2010.09.17 08:18:10.648,1.66025,1.66065,1.00,1.00
2010.09.17 08:18:10.776,1.66015,1.6606,1.00,1.00
2010.09.17 08:18:11.497,1.66015,1.66055,1.00,1.00
2010.09.17 08:18:11.604,1.6601,1.66055,1.00,1.00
2010.09.17 08:18:12.428,1.6601,1.6606,2.40,1.00
2010.09.17 08:18:12.775,1.6601,1.6606,2.30,1.00
2010.09.17 08:18:13.375,1.6601,1.6606,2.40,1.00
2010.09.17 08:18:14.088,1.66015,1.6606,1.00,2.30
2010.09.17 08:18:14.428,1.6602,1.6606,1.00,2.20
2010.09.17 08:18:15.323,1.6602,1.6606,1.00,1.00
2010.09.17 08:18:15.650,1.6602,1.6606,1.00,1.00
2010.09.17 08:18:16.492,1.6602,1.66065,1.00,1.00
2010.09.17 08:18:16.840,1.66015,1.6606,1.00,1.00
2010.09.17 08:18:17.187,1.66015,1.6606,1.90,1.00
2010.09.17 08:18:17.966,1.66025,1.66065,1.00,1.00
2010.09.17 08:18:19.001,1.66025,1.6607,1.00,1.00
2010.09.17 08:18:19.339,1.66025,1.6607,1.00,1.70
2010.09.17 08:18:19.676,1.66025,1.6607,1.00,1.60
2010.09.17 08:18:20.006,1.66025,1.66065,1.00,1.00
2010.09.17 08:18:20.868,1.6603,1.6607,1.00,1.00
2010.09.17 08:18:21.206,1.66035,1.66075,1.00,1.00
2010.09.17 08:18:22.296,1.66035,1.6607,1.00,1.00
2010.09.17 08:18:23.992,1.6604,1.66085,2.10,1.00
2010.09.17 08:18:24.206,1.6604,1.6608,1.00,1.60
2010.09.17 08:18:24.416,1.66045,1.6609,1.00,7.70
2010.09.17 08:18:24.625,1.6604,1.6608,1.00,1.00
2010.09.17 08:18:25.638,1.66045,1.6608,1.00,1.00
2010.09.17 08:18:26.374,1.66045,1.66085,1.00,1.00
2010.09.17 08:18:26.614,1.66045,1.6608,1.00,1.00
2010.09.17 08:18:27.334,1.66045,1.6608,1.00,1.00
2010.09.17 08:18:27.544,1.6604,1.6608,1.00,1.00
2010.09.17 08:18:27.755,1.6604,1.66085,1.50,1.00
2010.09.17 08:18:27.965,1.6604,1.66085,2.00,1.00
2010.09.17 08:18:28.504,1.66045,1.66085,1.00,1.00
2010.09.17 08:18:28.845,1.66045,1.66085,1.00,1.70
2010.09.17 08:18:29.368,1.66045,1.66085,1.00,3.30
2010.09.17 08:18:29.460,1.6604,1.6608,1.00,1.00
2010.09.17 08:18:30.359,1.66035,1.6608,1.00,1.00
2010.09.17 08:18:31.620,1.6603,1.66075,1.00,1.50
2010.09.17 08:18:31.859,1.66035,1.6608,1.00,1.00
2010.09.17 08:18:32.581,1.6604,1.6608,1.00,1.00
2010.09.17 08:18:33.165,1.66035,1.6608,1.00,1.00
2010.09.17 08:18:34.127,1.66035,1.6608,2.10,1.00
2010.09.17 08:18:34.443,1.6605,1.6609,1.00,1.60
2010.09.17 08:18:35.346,1.66055,1.6609,1.80,1.60
2010.09.17 08:18:35.686,1.66055,1.661,2.00,4.90
2010.09.17 08:18:37.237,1.66055,1.66095,1.00,1.50
2010.09.17 08:18:37.363,1.6605,1.6609,1.00,1.00
2010.09.17 08:18:37.495,1.6605,1.6609,1.00,2.10
2010.09.17 08:18:37.626,1.6605,1.66085,1.00,2.00
2010.09.17 08:18:38.619,1.6603,1.6608,1.00,2.00
2010.09.17 08:18:39.728,1.6603,1.6608,1.00,2.00
2010.09.17 08:18:39.977,1.66035,1.6608,1.00,2.00
2010.09.17 08:18:40.901,1.6603,1.66075,1.00,1.00
2010.09.17 08:18:41.246,1.6603,1.6607,1.00,1.00
2010.09.17 08:18:42.045,1.66025,1.6607,1.00,1.00
2010.09.17 08:18:42.331,1.6604,1.6608,1.00,1.00
2010.09.17 08:18:42.617,1.66035,1.6608,1.00,1.00
2010.09.17 08:18:42.899,1.6604,1.66085,1.90,1.00
2010.09.17 08:18:43.814,1.66035,1.6608,1.00,1.00
2010.09.17 08:18:44.124,1.66045,1.66085,1.00,1.90
2010.09.17 08:18:44.442,1.66035,1.6608,1.00,1.00
2010.09.17 08:18:44.948,1.6604,1.66085,1.00,1.00
2010.09.17 08:18:45.252,1.66035,1.66075,1.00,1.00
2010.09.17 08:18:47.094,1.66035,1.6608,1.00,1.00
2010.09.17 08:18:47.941,1.66035,1.66075,1.00,1.00
2010.09.17 08:18:48.227,1.66025,1.6607,1.00,1.00
2010.09.17 08:18:49.628,1.6603,1.6607,1.00,1.00
2010.09.17 08:18:49.906,1.6603,1.66075,1.00,1.00
2010.09.17 08:18:51.628,1.6604,1.6608,1.00,2.10
2010.09.17 08:18:51.966,1.6604,1.6608,1.00,1.00
2010.09.17 08:18:53.334,1.6604,1.6608,1.00,1.00
2010.09.17 08:18:53.637,1.6603,1.66075,1.00,1.00
2010.09.17 08:18:53.923,1.6603,1.66075,1.00,1.00
2010.09.17 08:18:55.027,1.6603,1.6607,1.00,1.00
2010.09.17 08:18:56.717,1.66025,1.6607,1.00,1.00
2010.09.17 08:18:58.193,1.6603,1.6607,1.00,1.00
2010.09.17 08:18:58.836,1.6603,1.66065,1.00,1.00
2010.09.17 08:18:59.927,1.66025,1.66065,1.00,1.00
2010.09.17 08:19:01.227,1.66025,1.6606,1.00,1.00
2010.09.17 08:19:01.499,1.6602,1.66065,1.00,1.00
2010.09.17 08:19:01.778,1.6602,1.6607,1.00,1.00
2010.09.17 08:19:02.911,1.6603,1.6607,1.00,1.00
2010.09.17 08:19:03.525,1.6603,1.66065,1.00,1.00
2010.09.17 08:19:04.634,1.66025,1.6606,1.00,1.00
2010.09.17 08:19:07.793,1.66025,1.6606,1.00,1.00
2010.09.17 08:19:08.999,1.6603,1.66075,1.00,1.00
2010.09.17 08:19:09.505,1.6603,1.6607,1.00,1.00
2010.09.17 08:19:09.765,1.6603,1.6607,1.00,1.00
2010.09.17 08:19:10.858,1.66035,1.6607,1.00,1.00
2010.09.17 08:19:11.169,1.6603,1.6607,1.00,1.00
2010.09.17 08:19:11.913,1.66035,1.6607,1.00,1.00
2010.09.17 08:19:12.209,1.66035,1.6607,1.00,1.00
2010.09.17 08:19:13.272,1.66035,1.6607,1.00,1.00
2010.09.17 08:19:13.573,1.6603,1.66075,1.00,1.00
2010.09.17 08:19:13.878,1.6603,1.66075,1.00,1.00
2010.09.17 08:19:14.964,1.6603,1.66085,1.00,2.00
2010.09.17 08:19:15.317,1.66045,1.66085,1.00,1.60
2010.09.17 08:19:16.456,1.6605,1.66085,1.00,1.60
2010.09.17 08:19:16.796,1.66045,1.66085,1.00,1.60
2010.09.17 08:19:18.253,1.6605,1.66085,1.00,1.60
2010.09.17 08:19:19.485,1.6604,1.66085,1.00,1.60
2010.09.17 08:19:19.676,1.6604,1.6608,1.00,1.00
2010.09.17 08:19:20.311,1.6603,1.6608,1.00,1.00
2010.09.17 08:19:20.644,1.66035,1.6608,1.00,1.00
2010.09.17 08:19:20.753,1.66035,1.6608,1.00,2.00
2010.09.17 08:19:21.726,1.66035,1.6608,1.00,1.40
2010.09.17 08:19:22.047,1.66035,1.6608,1.00,1.80
2010.09.17 08:19:22.684,1.6604,1.6608,1.00,1.80
2010.09.17 08:19:23.520,1.6604,1.6608,1.00,1.90
2010.09.17 08:19:23.671,1.6604,1.6608,1.00,1.00
2010.09.17 08:19:24.304,1.66045,1.6608,1.00,1.00
2010.09.17 08:19:25.326,1.66035,1.66075,1.00,1.40
2010.09.17 08:19:25.666,1.66035,1.6607,1.00,1.00
2010.09.17 08:19:25.794,1.66035,1.66075,1.00,1.40
2010.09.17 08:19:25.925,1.66035,1.66085,1.60,1.00
2010.09.17 08:19:26.816,1.6604,1.66085,1.00,1.00
2010.09.17 08:19:28.693,1.66045,1.66085,1.00,1.00
2010.09.17 08:19:29.842,1.6605,1.66085,1.00,1.00
2010.09.17 08:19:30.116,1.66045,1.66085,1.00,1.00
2010.09.17 08:19:31.169,1.6605,1.66085,1.00,1.00
2010.09.17 08:19:31.594,1.66045,1.6609,1.00,2.20
2010.09.17 08:19:31.816,1.66045,1.66085,1.00,1.00
2010.09.17 08:19:32.840,1.6604,1.6608,1.00,1.00
2010.09.17 08:19:37.963,1.6604,1.6608,1.00,1.50
2010.09.17 08:19:38.238,1.66035,1.6608,2.00,1.00
2010.09.17 08:19:39.255,1.66035,1.6608,2.10,1.00
2010.09.17 08:19:40.418,1.6603,1.66075,1.00,1.00
2010.09.17 08:19:40.784,1.6603,1.6607,1.00,1.00
2010.09.17 08:19:42.606,1.66035,1.6607,1.00,1.00
2010.09.17 08:19:42.907,1.6603,1.6607,1.00,1.00
2010.09.17 08:19:43.195,1.6603,1.6607,1.00,1.00
2010.09.17 08:19:44.563,1.66035,1.6607,1.00,1.00
2010.09.17 08:19:45.584,1.66025,1.66065,2.10,1.00
2010.09.17 08:19:46.191,1.6603,1.6607,1.00,1.00
2010.09.17 08:19:46.397,1.6603,1.6607,1.00,1.00
2010.09.17 08:19:46.794,1.66035,1.6607,1.00,1.00
2010.09.17 08:19:46.994,1.66035,1.6608,1.00,1.00
2010.09.17 08:19:47.195,1.66035,1.6608,2.00,1.00
2010.09.17 08:19:48.109,1.6604,1.6609,1.00,1.00
2010.09.17 08:19:48.424,1.6604,1.6609,1.00,1.00
2010.09.17 08:19:48.704,1.66045,1.6609,1.00,1.00
2010.09.17 08:19:49.526,1.6604,1.66085,1.00,1.00
2010.09.17 08:19:50.733,1.66045,1.66085,1.00,1.00
2010.09.17 08:19:52.494,1.6604,1.66085,1.00,1.40
2010.09.17 08:19:52.654,1.6604,1.6608,1.00,1.00
2010.09.17 08:19:53.727,1.66035,1.6608,1.00,1.00
2010.09.17 08:19:54.951,1.6604,1.66075,1.00,1.00
2010.09.17 08:19:56.457,1.66045,1.66085,1.00,1.00
2010.09.17 08:19:56.657,1.66045,1.66085,1.00,1.00
2010.09.17 08:19:56.855,1.6604,1.66085,1.00,1.00
2010.09.17 08:19:58.060,1.6604,1.66085,1.00,1.00
2010.09.17 08:19:59.875,1.66045,1.6608,1.00,1.00
2010.09.17 08:20:01.518,1.66045,1.6609,1.00,2.00
2010.09.17 08:20:02.342,1.6605,1.6609,1.00,2.50
2010.09.17 08:20:02.684,1.6605,1.6609,1.00,2.10
2010.09.17 08:20:03.030,1.6605,1.66085,1.00,1.00
2010.09.17 08:20:03.227,1.6605,1.66085,1.00,1.00
2010.09.17 08:20:05.898,1.6605,1.66085,1.00,1.00
2010.09.17 08:20:06.137,1.6605,1.6608,1.00,2.00
2010.09.17 08:20:08.964,1.66045,1.6608,1.00,2.00
2010.09.17 08:20:10.064,1.66045,1.66075,1.00,1.00
2010.09.17 08:20:10.160,1.66045,1.6607,1.00,1.00
2010.09.17 08:20:10.249,1.6604,1.6607,1.00,1.00
2010.09.17 08:20:10.339,1.66045,1.6607,1.00,1.00
2010.09.17 08:20:11.828,1.6605,1.6608,1.00,2.00
2010.09.17 08:20:13.347,1.66045,1.6608,1.00,1.00
2010.09.17 08:20:13.869,1.66055,1.661,1.00,2.80
2010.09.17 08:20:14.125,1.66055,1.661,1.00,2.80
2010.09.17 08:20:14.415,1.66055,1.661,1.00,2.40
2010.09.17 08:20:15.205,1.66055,1.661,1.00,2.50
2010.09.17 08:20:15.604,1.6606,1.661,1.00,2.50
2010.09.17 08:20:16.617,1.66055,1.66085,1.00,1.00
2010.09.17 08:20:16.895,1.6604,1.6608,1.00,1.00
2010.09.17 08:20:17.175,1.66045,1.6608,1.00,1.00
2010.09.17 08:20:18.317,1.66045,1.6608,1.00,1.00
2010.09.17 08:20:18.995,1.66045,1.66075,1.00,1.00
2010.09.17 08:20:19.339,1.6605,1.66085,1.00,2.00
2010.09.17 08:20:19.679,1.66045,1.6609,1.00,1.00
2010.09.17 08:20:20.526,1.66045,1.6609,1.00,1.00
2010.09.17 08:20:20.864,1.66045,1.6609,1.00,1.00
2010.09.17 08:20:21.204,1.66045,1.6609,1.00,1.00
2010.09.17 08:20:22.066,1.66045,1.66085,1.00,1.00
2010.09.17 08:20:22.410,1.66045,1.66085,1.00,1.00
2010.09.17 08:20:22.636,1.6605,1.6609,1.00,1.00
2010.09.17 08:20:23.188,1.6605,1.66085,1.00,1.00
2010.09.17 08:20:23.421,1.66045,1.6608,1.00,1.00
2010.09.17 08:20:23.718,1.66045,1.6609,1.00,1.00
2010.09.17 08:20:25.056,1.66045,1.66085,1.00,1.00
2010.09.17 08:20:26.364,1.66045,1.6608,1.00,1.00
2010.09.17 08:20:27.212,1.66045,1.66085,1.00,1.00
2010.09.17 08:20:28.097,1.66045,1.66085,1.00,1.00
2010.09.17 08:20:28.438,1.66035,1.66075,1.00,1.00
2010.09.17 08:20:28.777,1.6603,1.6608,1.00,2.90
2010.09.17 08:20:29.771,1.6603,1.6608,1.00,4.50
2010.09.17 08:20:30.135,1.66025,1.6607,1.00,1.80
2010.09.17 08:20:30.266,1.6602,1.6607,1.00,2.00
2010.09.17 08:20:30.394,1.6602,1.66065,1.00,1.00
2010.09.17 08:20:30.526,1.6602,1.6606,1.00,1.00
2010.09.17 08:20:31.115,1.66015,1.6606,1.00,1.00
2010.09.17 08:20:31.272,1.66025,1.66065,1.00,3.20
2010.09.17 08:20:32.438,1.6602,1.66065,1.00,3.30
2010.09.17 08:20:32.669,1.66015,1.6606,1.00,1.00
2010.09.17 08:20:32.887,1.6602,1.66055,1.00,1.00
2010.09.17 08:20:34.773,1.6602,1.6606,1.00,1.00
2010.09.17 08:20:40.212,1.6602,1.6606,1.00,1.00
2010.09.17 08:20:41.165,1.6602,1.6606,1.00,1.00
2010.09.17 08:20:41.406,1.6602,1.66055,1.00,2.00
2010.09.17 08:20:42.266,1.66015,1.66055,1.00,2.10
2010.09.17 08:20:43.915,1.66015,1.66055,1.00,1.00
2010.09.17 08:20:44.088,1.66015,1.6606,1.00,1.00
2010.09.17 08:20:45.366,1.6602,1.6606,1.00,1.00
2010.09.17 08:20:50.256,1.66015,1.6606,1.00,1.00
2010.09.17 08:20:50.366,1.66025,1.66065,1.00,1.60
2010.09.17 08:20:50.477,1.66025,1.6607,1.00,2.50
2010.09.17 08:20:50.583,1.6602,1.6607,1.00,4.40
2010.09.17 08:20:51.407,1.66025,1.6607,1.00,2.70
2010.09.17 08:20:51.665,1.6602,1.66065,1.00,1.00
2010.09.17 08:20:52.461,1.66025,1.6607,1.00,2.70
2010.09.17 08:20:52.746,1.6602,1.66065,1.00,1.00
2010.09.17 08:20:53.304,1.66025,1.66065,1.00,1.00
2010.09.17 08:20:54.636,1.6602,1.66065,1.00,1.00
2010.09.17 08:20:55.664,1.66015,1.6605,1.00,1.00
2010.09.17 08:20:55.974,1.66015,1.6606,1.00,1.00
2010.09.17 08:20:56.278,1.6602,1.6606,1.00,1.00
2010.09.17 08:20:56.497,1.66015,1.6606,1.00,1.00
2010.09.17 08:20:57.174,1.66015,1.6606,1.00,1.00
2010.09.17 08:20:57.399,1.6602,1.66065,1.00,1.00
2010.09.17 08:20:58.095,1.66025,1.66065,1.00,1.00
2010.09.17 08:20:59.564,1.66015,1.6606,1.00,1.00
2010.09.17 08:21:00.426,1.6602,1.66065,1.00,1.00
2010.09.17 08:21:01.873,1.66015,1.66055,1.00,1.00
2010.09.17 08:21:03.298,1.6601,1.66055,1.00,1.00
2010.09.17 08:21:03.576,1.6601,1.6605,1.00,1.00
2010.09.17 08:21:04.697,1.6601,1.66055,1.00,1.00
2010.09.17 08:21:05.017,1.66015,1.6606,1.00,2.00
2010.09.17 08:21:05.335,1.6601,1.66055,1.00,1.00
2010.09.17 08:21:05.655,1.66015,1.66055,1.00,1.00
2010.09.17 08:21:08.904,1.6601,1.6605,1.00,1.00
2010.09.17 08:21:09.074,1.66015,1.66055,1.00,1.00
2010.09.17 08:21:10.614,1.6601,1.6605,1.00,1.00
2010.09.17 08:21:10.834,1.6601,1.66055,1.00,1.00
2010.09.17 08:21:11.057,1.65995,1.6604,1.00,1.00
2010.09.17 08:21:11.670,1.65995,1.66035,1.00,1.40
2010.09.17 08:21:11.941,1.65995,1.6604,1.00,1.00
2010.09.17 08:21:12.215,1.65995,1.6604,1.00,1.00
2010.09.17 08:21:13.795,1.66,1.66045,1.00,1.00
2010.09.17 08:21:14.956,1.66005,1.66045,1.00,1.00
2010.09.17 08:21:15.614,1.65995,1.6604,1.00,1.00
2010.09.17 08:21:16.484,1.66,1.6604,1.00,1.00
2010.09.17 08:21:16.756,1.66005,1.66045,1.00,1.00
2010.09.17 08:21:18.126,1.6601,1.66045,1.00,1.00
2010.09.17 08:21:18.807,1.66,1.66045,2.00,1.00
2010.09.17 08:21:19.017,1.66,1.66045,1.00,1.50
2010.09.17 08:21:19.227,1.66,1.66045,1.00,1.00
2010.09.17 08:21:19.846,1.66,1.6605,1.00,1.00
2010.09.17 08:21:19.998,1.66005,1.6605,1.00,1.00
2010.09.17 08:21:20.704,1.66005,1.6605,1.00,1.00
2010.09.17 08:21:21.985,1.6601,1.6605,1.00,1.00
2010.09.17 08:21:23.338,1.66005,1.6605,1.00,1.00
2010.09.17 08:21:23.576,1.66005,1.66045,1.00,1.00
2010.09.17 08:21:25.723,1.66,1.6604,1.00,1.00
2010.09.17 08:21:27.605,1.66,1.66035,1.00,1.00
2010.09.17 08:21:28.867,1.66,1.6604,1.00,1.00
2010.09.17 08:21:29.245,1.66,1.6604,1.00,1.00
2010.09.17 08:21:29.435,1.66,1.66035,1.00,1.00
2010.09.17 08:21:31.107,1.66,1.66035,1.00,1.00
2010.09.17 08:21:31.464,1.66,1.66035,1.00,1.00
2010.09.17 08:21:33.395,1.66005,1.66035,1.00,1.00
2010.09.17 08:21:33.506,1.66,1.66035,1.00,1.00
2010.09.17 08:21:34.369,1.66,1.66035,1.00,1.00
2010.09.17 08:21:34.425,1.66,1.66035,1.00,1.00
2010.09.17 08:21:35.259,1.66,1.66035,1.00,1.00
2010.09.17 08:21:35.328,1.66005,1.66035,1.00,1.00
2010.09.17 08:21:36.538,1.66015,1.66035,1.00,1.00
2010.09.17 08:21:38.007,1.66015,1.66035,1.00,1.00
2010.09.17 08:21:38.335,1.6602,1.66035,1.00,1.00
2010.09.17 08:21:38.657,1.66015,1.66035,1.00,1.00
2010.09.17 08:21:39.441,1.6602,1.66035,1.00,1.00
2010.09.17 08:21:39.768,1.6602,1.6605,1.00,1.60
2010.09.17 08:21:40.455,1.66025,1.6605,1.00,1.60
2010.09.17 08:21:41.098,1.66025,1.6606,1.00,1.00
2010.09.17 08:21:41.350,1.66025,1.6605,1.00,1.00
2010.09.17 08:21:41.587,1.6602,1.6605,1.00,1.00
2010.09.17 08:21:42.577,1.6602,1.6605,1.00,1.00
2010.09.17 08:21:44.335,1.66025,1.6605,1.00,1.00
2010.09.17 08:21:45.036,1.6602,1.6605,1.00,1.00
2010.09.17 08:21:46.510,1.6602,1.6605,1.00,1.00
2010.09.17 08:21:49.278,1.66015,1.6605,1.00,1.00
2010.09.17 08:21:49.448,1.6601,1.6605,1.00,1.00
2010.09.17 08:21:49.615,1.6601,1.6605,1.00,2.00
2010.09.17 08:21:50.351,1.6601,1.6605,1.00,2.80
2010.09.17 08:21:50.665,1.66005,1.66045,1.00,1.00
2010.09.17 08:21:51.357,1.66,1.6604,1.00,1.00
2010.09.17 08:21:52.086,1.66,1.66035,1.00,2.00
2010.09.17 08:21:52.654,1.65995,1.66035,1.00,2.10
2010.09.17 08:21:53.036,1.65995,1.6603,1.00,1.00
2010.09.17 08:21:53.895,1.65995,1.66035,1.00,2.00
2010.09.17 08:21:54.574,1.65995,1.6603,1.00,1.00
2010.09.17 08:21:57.727,1.65985,1.66025,1.00,1.00
2010.09.17 08:21:57.867,1.65985,1.6604,1.00,3.30
2010.09.17 08:21:58.351,1.65995,1.6604,1.00,2.60
2010.09.17 08:21:59.102,1.6599,1.6604,1.00,1.70
2010.09.17 08:21:59.308,1.65995,1.6604,1.00,1.50
2010.09.17 08:22:00.324,1.65995,1.66035,1.00,1.00
2010.09.17 08:22:00.854,1.65995,1.6603,1.00,1.00
2010.09.17 08:22:01.204,1.65995,1.6603,1.00,1.00
2010.09.17 08:22:02.146,1.65995,1.6603,1.00,1.00
2010.09.17 08:22:02.294,1.65995,1.6603,1.00,1.00
2010.09.17 08:22:02.636,1.65995,1.6603,1.00,1.00
2010.09.17 08:22:03.566,1.6599,1.6603,1.00,1.00
2010.09.17 08:22:03.965,1.65995,1.66035,1.00,1.00
2010.09.17 08:22:04.821,1.66,1.66035,1.00,1.00
2010.09.17 08:22:06.776,1.65995,1.66035,1.00,1.00
2010.09.17 08:22:06.964,1.65995,1.66035,1.00,2.80
2010.09.17 08:22:10.724,1.6599,1.6603,1.00,1.00
2010.09.17 08:22:13.398,1.6599,1.66035,1.00,1.00
2010.09.17 08:22:13.478,1.6599,1.66035,1.00,1.00
2010.09.17 08:22:13.694,1.6599,1.66035,1.00,2.50
2010.09.17 08:22:14.044,1.6599,1.66035,1.00,2.80
2010.09.17 08:22:14.125,1.6599,1.66035,1.00,2.70
2010.09.17 08:22:14.204,1.6599,1.66035,1.00,2.10
2010.09.17 08:22:14.274,1.6599,1.66035,1.00,1.00
2010.09.17 08:22:15.768,1.66005,1.66035,1.00,1.00
2010.09.17 08:22:17.604,1.6601,1.66035,1.00,1.00
2010.09.17 08:22:19.709,1.66005,1.66035,1.00,1.00
2010.09.17 08:22:20.024,1.66005,1.66045,1.00,2.60
2010.09.17 08:22:20.296,1.66005,1.66045,1.00,2.20
2010.09.17 08:22:21.050,1.66,1.66045,1.00,2.20
2010.09.17 08:22:21.515,1.66005,1.66045,1.00,2.20
2010.09.17 08:22:21.746,1.6601,1.66045,1.00,2.10
2010.09.17 08:22:22.217,1.6601,1.66045,1.00,2.50
2010.09.17 08:22:24.398,1.6601,1.66045,1.00,2.50
2010.09.17 08:22:24.575,1.6601,1.66045,1.00,2.50
2010.09.17 08:22:25.012,1.6601,1.66045,1.00,1.00
2010.09.17 08:22:26.657,1.6601,1.66045,1.00,1.10
2010.09.17 08:22:28.491,1.6601,1.66045,1.00,1.00
2010.09.17 08:22:28.717,1.66005,1.66045,1.00,1.10
2010.09.17 08:22:30.124,1.6601,1.66045,1.00,1.00
2010.09.17 08:22:30.358,1.6601,1.66055,1.00,1.00
2010.09.17 08:22:31.244,1.6601,1.66055,1.00,2.00
2010.09.17 08:22:31.526,1.6601,1.66055,1.00,1.00
2010.09.17 08:22:32.850,1.66015,1.66055,1.00,1.00
2010.09.17 08:22:33.126,1.6601,1.66055,1.50,1.00
2010.09.17 08:22:33.903,1.6602,1.66055,1.00,1.00
2010.09.17 08:22:34.254,1.66015,1.66055,1.00,1.00
2010.09.17 08:22:34.597,1.6602,1.66055,1.00,1.00
2010.09.17 08:22:34.936,1.66025,1.66055,1.00,1.00
2010.09.17 08:22:35.733,1.6602,1.66055,1.00,1.00
2010.09.17 08:22:36.040,1.6602,1.66055,1.00,1.00
2010.09.17 08:22:36.317,1.6602,1.66055,1.00,1.00
2010.09.17 08:22:37.075,1.66015,1.66045,1.00,1.00
2010.09.17 08:22:37.310,1.66015,1.66045,1.00,1.00
2010.09.17 08:22:37.546,1.6601,1.66045,1.00,1.00
2010.09.17 08:22:38.422,1.66015,1.6605,1.00,1.00
2010.09.17 08:22:38.738,1.66015,1.66055,1.00,1.00
2010.09.17 08:22:40.230,1.66015,1.6606,1.00,1.00
2010.09.17 08:22:40.577,1.66015,1.66065,1.00,1.00
2010.09.17 08:22:41.275,1.66025,1.6607,1.00,1.90
2010.09.17 08:22:41.915,1.66025,1.66065,1.00,1.00
2010.09.17 08:22:42.121,1.66025,1.6606,1.00,1.80
2010.09.17 08:22:42.317,1.6602,1.6606,1.00,1.80
2010.09.17 08:22:44.287,1.66025,1.6606,1.00,1.80
2010.09.17 08:22:44.454,1.66025,1.6606,1.00,1.90
2010.09.17 08:22:45.554,1.6602,1.6606,1.00,2.00
2010.09.17 08:22:46.219,1.66025,1.6606,1.00,1.00
2010.09.17 08:22:47.067,1.66025,1.66065,1.00,2.10
2010.09.17 08:22:47.206,1.66025,1.6606,1.00,1.00
2010.09.17 08:22:47.828,1.6602,1.6606,1.00,1.60
2010.09.17 08:22:48.093,1.66025,1.6606,1.00,2.20
2010.09.17 08:22:48.349,1.66025,1.6606,1.00,1.00
2010.09.17 08:22:49.124,1.66025,1.66065,1.00,1.00
2010.09.17 08:22:49.473,1.6603,1.6607,1.00,2.00
2010.09.17 08:22:50.653,1.66025,1.66065,1.00,1.00
2010.09.17 08:22:51.340,1.6602,1.6606,1.00,1.80
2010.09.17 08:22:52.155,1.66025,1.6606,1.00,1.80
2010.09.17 08:22:52.707,1.66025,1.66065,1.00,1.80
2010.09.17 08:22:53.391,1.66015,1.6606,1.00,1.00
2010.09.17 08:22:53.598,1.6602,1.66065,1.00,1.00
2010.09.17 08:22:55.072,1.66025,1.6607,1.00,2.60
2010.09.17 08:22:55.395,1.6603,1.6607,1.00,1.00
2010.09.17 08:22:55.692,1.6603,1.6607,1.00,1.00
2010.09.17 08:22:56.503,1.66025,1.6607,1.00,1.00
2010.09.17 08:22:56.731,1.66035,1.6607,1.00,1.00
2010.09.17 08:22:56.957,1.6604,1.6607,1.00,1.00
2010.09.17 08:22:58.538,1.6603,1.6607,1.00,1.00
2010.09.17 08:22:58.798,1.66035,1.6607,1.00,1.00
2010.09.17 08:22:59.621,1.66035,1.6607,1.00,1.00
2010.09.17 08:23:00.225,1.6603,1.6607,1.00,1.20
2010.09.17 08:23:01.121,1.6603,1.66065,1.00,1.00
2010.09.17 08:23:01.645,1.6603,1.66065,1.00,3.60
2010.09.17 08:23:03.007,1.6603,1.66065,1.00,3.70
2010.09.17 08:23:03.066,1.6603,1.66065,1.00,3.80
2010.09.17 08:23:03.130,1.6603,1.66065,1.00,3.60
2010.09.17 08:23:03.184,1.6603,1.66055,1.00,1.00
2010.09.17 08:23:03.234,1.6603,1.66055,1.00,1.00
2010.09.17 08:23:03.386,1.66025,1.66055,1.00,1.00
2010.09.17 08:23:04.737,1.66025,1.66055,1.00,2.00
2010.09.17 08:23:05.629,1.66025,1.66055,1.00,1.00
2010.09.17 08:23:07.361,1.66015,1.6606,1.00,1.00
2010.09.17 08:23:07.624,1.66015,1.66055,1.00,1.00
2010.09.17 08:23:07.755,1.6602,1.66055,1.00,1.00
2010.09.17 08:23:09.535,1.6601,1.66055,1.00,1.00
2010.09.17 08:23:09.846,1.66015,1.6605,1.00,2.00
2010.09.17 08:23:10.036,1.66015,1.66055,1.00,1.60
2010.09.17 08:23:10.226,1.66015,1.6605,1.00,1.00
2010.09.17 08:23:10.874,1.6601,1.6605,1.00,1.00
2010.09.17 08:23:11.082,1.6601,1.6605,1.00,2.20
2010.09.17 08:23:11.696,1.6601,1.6605,1.00,2.30
2010.09.17 08:23:12.550,1.6601,1.66045,1.00,1.00
2010.09.17 08:23:13.159,1.6601,1.66045,1.00,1.00
2010.09.17 08:23:16.425,1.66015,1.66045,1.00,1.00
2010.09.17 08:23:19.039,1.6601,1.6604,1.00,1.00
2010.09.17 08:23:19.464,1.6601,1.6605,1.00,1.00
2010.09.17 08:23:19.970,1.6601,1.6605,1.00,1.00
2010.09.17 08:23:20.307,1.66015,1.66055,1.00,4.40
2010.09.17 08:23:20.646,1.6601,1.66055,1.00,4.40
2010.09.17 08:23:20.987,1.66005,1.6605,1.00,1.00
2010.09.17 08:23:21.826,1.6601,1.6605,1.00,1.00
2010.09.17 08:23:22.456,1.6601,1.66045,1.00,1.00
2010.09.17 08:23:23.357,1.6601,1.66045,1.00,1.00
2010.09.17 08:23:24.911,1.66015,1.66045,1.00,1.00
2010.09.17 08:23:26.714,1.66015,1.66045,1.00,1.00
2010.09.17 08:23:27.674,1.6601,1.66045,1.00,1.00
2010.09.17 08:23:27.894,1.6601,1.66045,1.00,1.00
2010.09.17 08:23:28.721,1.66015,1.66045,1.00,1.00
2010.09.17 08:23:29.066,1.66015,1.6605,1.00,1.00
2010.09.17 08:23:29.405,1.66015,1.66045,1.00,1.00
2010.09.17 08:23:30.228,1.6601,1.66045,1.00,1.00
2010.09.17 08:23:31.485,1.6601,1.66045,1.00,1.00
2010.09.17 08:23:33.172,1.6601,1.66045,1.00,1.00
2010.09.17 08:23:33.533,1.6601,1.6605,1.00,1.00
2010.09.17 08:23:33.714,1.6601,1.6605,1.00,1.00
2010.09.17 08:23:35.483,1.66015,1.6605,1.00,1.00
2010.09.17 08:23:36.537,1.6601,1.6605,1.00,1.00
2010.09.17 08:23:38.250,1.66015,1.6605,1.00,1.00
2010.09.17 08:23:38.854,1.6602,1.6605,1.00,1.00
2010.09.17 08:23:39.125,1.66015,1.6605,1.00,1.00
2010.09.17 08:23:40.223,1.66015,1.6605,1.00,1.00
2010.09.17 08:23:40.604,1.6602,1.6605,1.00,1.00
2010.09.17 08:23:41.416,1.66015,1.66055,1.00,1.00
