2016.02.05 14:00:00.248,2.02537,2.02577,2.25,1.00
2016.02.05 14:00:00.299,2.02537,2.02579,1.75,1.12
2016.02.05 14:00:00.845,2.02533,2.02576,1.75,1.50
2016.02.05 14:00:00.948,2.02533,2.02573,1.00,1.00
2016.02.05 14:00:01.049,2.02531,2.02566,1.50,1.00
2016.02.05 14:00:01.154,2.02526,2.02566,1.00,1.75
2016.02.05 14:00:01.358,2.02528,2.02569,1.00,1.75
2016.02.05 14:00:01.409,2.02528,2.0257,1.12,1.75
2016.02.05 14:00:01.649,2.02528,2.02566,1.60,1.00
2016.02.05 14:00:01.700,2.0253,2.02569,1.37,1.50
2016.02.05 14:00:01.801,2.02541,2.0258,1.00,2.02
2016.02.05 14:00:01.852,2.02545,2.02583,1.37,1.00
2016.02.05 14:00:01.903,2.02545,2.02579,1.37,1.00
2016.02.05 14:00:02.257,2.02535,2.02574,2.02,1.00
2016.02.05 14:00:02.402,2.02529,2.02567,1.50,1.00
2016.02.05 14:00:02.453,2.02529,2.02559,1.00,1.00
2016.02.05 14:00:02.958,2.02528,2.02559,1.00,1.50
2016.02.05 14:00:03.234,2.02524,2.02559,1.00,1.50
2016.02.05 14:00:03.437,2.02524,2.02552,1.00,1.50
2016.02.05 14:00:03.488,2.02521,2.02552,1.00,1.50
2016.02.05 14:00:03.538,2.02521,2.02543,1.00,1.00
2016.02.05 14:00:03.590,2.02515,2.02543,1.00,1.00
2016.02.05 14:00:03.641,2.02515,2.02543,1.00,1.75
2016.02.05 14:00:03.944,2.02515,2.02542,1.00,1.00
2016.02.05 14:00:04.073,2.02515,2.02546,1.00,1.00
2016.02.05 14:00:04.175,2.02512,2.02541,1.00,1.00
2016.02.05 14:00:04.487,2.0252,2.02547,1.00,1.00
2016.02.05 14:00:04.690,2.02488,2.02534,1.75,1.00
2016.02.05 14:00:04.741,2.02514,2.02534,1.00,1.50
2016.02.05 14:00:04.871,2.02488,2.02532,1.00,1.00
2016.02.05 14:00:04.922,2.02488,2.02524,1.00,1.00
2016.02.05 14:00:05.023,2.02476,2.02528,3.75,1.00
2016.02.05 14:00:05.175,2.02477,2.02525,1.00,1.00
2016.02.05 14:00:05.377,2.02479,2.02529,1.00,1.12
2016.02.05 14:00:05.428,2.02507,2.02529,1.00,1.12
2016.02.05 14:00:05.595,2.02505,2.02529,1.00,1.12
2016.02.05 14:00:05.781,2.02502,2.02529,1.00,1.12
2016.02.05 14:00:05.882,2.02499,2.02529,1.00,1.12
2016.02.05 14:00:06.085,2.02502,2.02529,1.00,1.00
2016.02.05 14:00:06.186,2.02502,2.02533,1.00,1.00
2016.02.05 14:00:06.237,2.02509,2.0254,1.00,1.37
2016.02.05 14:00:06.543,2.02506,2.02538,1.00,1.12
2016.02.05 14:00:06.595,2.025,2.02538,1.00,1.12
2016.02.05 14:00:06.646,2.02498,2.02538,1.00,1.12
2016.02.05 14:00:06.697,2.02498,2.02535,1.00,1.00
2016.02.05 14:00:06.748,2.02495,2.02535,1.00,1.00
2016.02.05 14:00:06.852,2.02495,2.02539,1.00,1.50
2016.02.05 14:00:06.903,2.02499,2.02539,1.00,1.00
2016.02.05 14:00:07.005,2.02499,2.02543,1.00,1.00
2016.02.05 14:00:07.106,2.02503,2.02547,1.00,1.00
2016.02.05 14:00:07.417,2.02505,2.02545,1.00,1.00
2016.02.05 14:00:07.468,2.02505,2.02547,1.00,1.00
2016.02.05 14:00:07.620,2.02503,2.02547,1.00,1.00
2016.02.05 14:00:07.823,2.02502,2.02544,1.00,1.00
2016.02.05 14:00:07.926,2.02498,2.02544,2.25,1.00
2016.02.05 14:00:08.078,2.02498,2.0254,1.50,1.00
2016.02.05 14:00:08.503,2.02497,2.02537,1.50,1.00
2016.02.05 14:00:08.655,2.02497,2.02541,1.50,1.00
2016.02.05 14:00:08.907,2.02494,2.02538,1.50,1.00
2016.02.05 14:00:09.254,2.02497,2.02541,1.00,1.00
2016.02.05 14:00:09.558,2.02494,2.02529,1.00,1.75
2016.02.05 14:00:09.710,2.02498,2.02537,1.87,1.00
2016.02.05 14:00:09.761,2.02506,2.02542,1.00,1.75
2016.02.05 14:00:10.024,2.02491,2.02531,1.12,1.12
2016.02.05 14:00:10.126,2.02491,2.02526,1.12,1.00
2016.02.05 14:00:10.429,2.02489,2.02528,1.00,1.75
2016.02.05 14:00:10.802,2.02478,2.02521,1.75,1.00
2016.02.05 14:00:10.853,2.02478,2.02521,1.12,1.75
2016.02.05 14:00:11.005,2.02486,2.02522,1.00,2.25
2016.02.05 14:00:11.157,2.02483,2.02522,1.00,1.50
2016.02.05 14:00:11.258,2.02483,2.02522,1.75,1.00
2016.02.05 14:00:11.556,2.02494,2.02536,1.50,2.25
2016.02.05 14:00:12.333,2.02494,2.02532,1.00,1.00
2016.02.05 14:00:12.537,2.02482,2.02522,1.00,1.00
2016.02.05 14:00:12.790,2.02479,2.02523,1.00,1.75
2016.02.05 14:00:12.891,2.02482,2.02522,1.00,1.00
2016.02.05 14:00:13.221,2.02487,2.02525,1.00,1.00
2016.02.05 14:00:13.423,2.02487,2.02533,1.00,1.00
2016.02.05 14:00:13.525,2.02487,2.02525,1.00,1.00
2016.02.05 14:00:13.676,2.02487,2.02532,1.00,1.87
2016.02.05 14:00:14.100,2.02481,2.02527,1.00,1.37
2016.02.05 14:00:14.303,2.02479,2.02522,1.00,1.00
2016.02.05 14:00:14.353,2.0248,2.02526,1.00,1.12
2016.02.05 14:00:14.556,2.02486,2.0253,1.00,1.12
2016.02.05 14:00:14.859,2.02489,2.02533,1.00,1.00
2016.02.05 14:00:15.048,2.02482,2.02528,1.50,1.00
2016.02.05 14:00:15.098,2.02482,2.02528,1.50,1.37
2016.02.05 14:00:15.200,2.0248,2.02525,1.00,1.00
2016.02.05 14:00:15.301,2.02487,2.02531,1.00,1.37
2016.02.05 14:00:15.402,2.0248,2.02526,1.50,1.00
2016.02.05 14:00:15.503,2.02492,2.02534,1.00,1.50
2016.02.05 14:00:15.835,2.02506,2.02536,1.00,1.00
2016.02.05 14:00:15.886,2.02506,2.02538,1.50,1.00
2016.02.05 14:00:15.937,2.02506,2.02533,1.50,1.00
2016.02.05 14:00:16.039,2.02502,2.02541,1.75,1.00
2016.02.05 14:00:16.140,2.02502,2.02537,1.75,1.00
2016.02.05 14:00:16.444,2.025,2.02534,1.75,1.00
2016.02.05 14:00:16.494,2.02496,2.02534,2.25,1.00
2016.02.05 14:00:16.618,2.02496,2.02534,1.12,1.00
2016.02.05 14:00:16.720,2.02496,2.02531,1.12,1.00
2016.02.05 14:00:17.023,2.02496,2.02524,1.00,1.00
2016.02.05 14:00:17.316,2.02488,2.02522,1.00,1.87
2016.02.05 14:00:17.419,2.02497,2.02521,1.00,1.12
2016.02.05 14:00:17.743,2.02496,2.02522,1.00,1.87
2016.02.05 14:00:17.802,2.02496,2.02514,1.00,1.00
2016.02.05 14:00:18.110,2.0249,2.02509,1.00,1.00
2016.02.05 14:00:18.161,2.02488,2.02509,1.00,1.00
2016.02.05 14:00:18.263,2.02478,2.02509,1.00,1.00
2016.02.05 14:00:18.465,2.02487,2.02517,1.00,2.25
2016.02.05 14:00:18.617,2.02492,2.02529,1.75,1.87
2016.02.05 14:00:18.668,2.02492,2.02529,1.37,2.25
2016.02.05 14:00:18.719,2.02491,2.02525,1.00,1.50
2016.02.05 14:00:18.841,2.02485,2.02521,1.00,1.00
2016.02.05 14:00:19.144,2.02485,2.02512,1.00,1.00
2016.02.05 14:00:19.245,2.02477,2.02513,1.00,2.25
2016.02.05 14:00:19.397,2.02481,2.02513,1.00,1.50
2016.02.05 14:00:19.576,2.02489,2.02524,1.00,1.00
2016.02.05 14:00:19.677,2.02492,2.02529,1.37,1.37
2016.02.05 14:00:19.728,2.02496,2.0253,1.00,1.00
2016.02.05 14:00:19.880,2.02491,2.02526,1.75,1.00
2016.02.05 14:00:20.032,2.02482,2.02517,1.00,1.00
2016.02.05 14:00:20.831,2.0249,2.02517,1.00,1.00
2016.02.05 14:00:20.983,2.02504,2.02534,1.00,1.00
2016.02.05 14:00:21.129,2.02504,2.02537,1.37,1.00
2016.02.05 14:00:21.482,2.02506,2.02537,1.37,1.00
2016.02.05 14:00:21.864,2.02511,2.02534,1.12,1.00
2016.02.05 14:00:22.319,2.02511,2.02542,1.87,1.00
2016.02.05 14:00:23.095,2.02511,2.02547,1.12,1.00
2016.02.05 14:00:23.347,2.02511,2.02543,1.12,1.00
2016.02.05 14:00:23.650,2.02517,2.02543,1.00,1.00
2016.02.05 14:00:23.981,2.02521,2.02543,1.00,1.00
2016.02.05 14:00:24.273,2.02515,2.02543,1.75,1.00
2016.02.05 14:00:24.425,2.02532,2.02543,1.00,1.00
2016.02.05 14:00:24.476,2.02533,2.02548,1.00,1.00
2016.02.05 14:00:24.527,2.02533,2.02574,1.00,1.00
2016.02.05 14:00:24.578,2.02542,2.02579,1.37,1.87
2016.02.05 14:00:24.759,2.02537,2.02569,1.50,1.00
2016.02.05 14:00:24.860,2.02537,2.0258,1.50,1.50
2016.02.05 14:00:25.012,2.02537,2.02571,1.50,1.00
2016.02.05 14:00:25.316,2.02542,2.02571,1.00,1.00
2016.02.05 14:00:25.474,2.02542,2.02573,1.87,1.00
2016.02.05 14:00:25.525,2.02544,2.02573,1.00,1.00
2016.02.05 14:00:25.828,2.02545,2.02576,1.37,1.00
2016.02.05 14:00:25.980,2.02544,2.02576,1.00,1.00
2016.02.05 14:00:26.082,2.02534,2.0257,1.87,1.37
2016.02.05 14:00:26.132,2.02534,2.02567,1.00,1.00
2016.02.05 14:00:26.183,2.02525,2.02565,1.00,1.00
2016.02.05 14:00:26.427,2.02527,2.02565,1.00,1.00
2016.02.05 14:00:26.477,2.02528,2.02567,1.00,1.00
2016.02.05 14:00:26.530,2.02528,2.0257,1.75,1.00
2016.02.05 14:00:26.834,2.02538,2.02576,1.00,1.75
2016.02.05 14:00:27.756,2.02539,2.02576,1.00,1.75
2016.02.05 14:00:27.908,2.02539,2.02576,1.12,1.37
2016.02.05 14:00:27.960,2.02539,2.02577,1.50,1.00
2016.02.05 14:00:28.503,2.02539,2.02576,1.00,1.00
2016.02.05 14:00:28.857,2.02539,2.02581,1.00,1.00
2016.02.05 14:00:28.958,2.02539,2.02568,1.00,1.00
2016.02.05 14:00:29.059,2.02533,2.02563,1.00,1.00
2016.02.05 14:00:29.221,2.02536,2.02563,1.00,1.12
2016.02.05 14:00:29.474,2.02536,2.02568,1.00,1.50
2016.02.05 14:00:29.626,2.02532,2.02568,1.00,1.50
2016.02.05 14:00:29.727,2.02532,2.02573,1.50,1.12
2016.02.05 14:00:29.778,2.02535,2.02573,1.00,1.12
2016.02.05 14:00:29.981,2.0253,2.02573,1.75,1.12
2016.02.05 14:00:30.031,2.0253,2.02567,1.00,1.00
2016.02.05 14:00:30.155,2.02525,2.02564,1.00,1.00
2016.02.05 14:00:30.206,2.02529,2.02567,1.00,1.00
2016.02.05 14:00:30.947,2.02529,2.02564,1.00,1.00
2016.02.05 14:00:31.000,2.0253,2.0257,1.00,1.75
2016.02.05 14:00:31.101,2.02533,2.0257,1.00,1.75
2016.02.05 14:00:31.423,2.02541,2.02569,1.00,1.12
2016.02.05 14:00:31.474,2.02541,2.02577,1.00,1.00
2016.02.05 14:00:31.630,2.02542,2.02579,1.00,1.75
2016.02.05 14:00:31.810,2.02537,2.02572,1.50,1.00
2016.02.05 14:00:31.962,2.02535,2.02572,1.00,1.00
2016.02.05 14:00:32.013,2.02531,2.02572,1.12,1.00
2016.02.05 14:00:32.316,2.02531,2.02567,1.12,1.00
2016.02.05 14:00:32.854,2.02532,2.02567,1.00,1.00
2016.02.05 14:00:32.955,2.02529,2.02567,1.00,1.00
2016.02.05 14:00:33.006,2.02529,2.02564,1.00,1.00
2016.02.05 14:00:33.404,2.02529,2.02567,1.00,1.00
2016.02.05 14:00:34.495,2.02529,2.02569,1.50,1.87
2016.02.05 14:00:34.748,2.0252,2.02558,1.50,1.00
2016.02.05 14:00:34.799,2.02524,2.02558,1.00,1.00
2016.02.05 14:00:34.952,2.02527,2.02567,1.00,1.37
2016.02.05 14:00:35.003,2.02527,2.02563,1.00,1.00
2016.02.05 14:00:35.324,2.02531,2.02564,1.00,1.75
2016.02.05 14:00:35.477,2.02515,2.02555,1.50,1.75
2016.02.05 14:00:35.628,2.02513,2.02555,1.00,2.25
2016.02.05 14:00:35.731,2.02515,2.02549,1.00,1.00
2016.02.05 14:00:35.950,2.02509,2.02549,1.00,2.25
2016.02.05 14:00:36.213,2.02521,2.02549,1.00,1.75
2016.02.05 14:00:36.365,2.02519,2.02549,1.00,1.37
2016.02.05 14:00:36.466,2.02519,2.02549,1.00,1.00
2016.02.05 14:00:36.567,2.02521,2.02549,1.00,1.00
2016.02.05 14:00:36.719,2.02519,2.02549,1.00,1.00
2016.02.05 14:00:36.899,2.02516,2.02549,1.00,1.00
2016.02.05 14:00:36.950,2.02513,2.02549,1.00,1.00
2016.02.05 14:00:37.052,2.02513,2.02549,1.00,1.37
2016.02.05 14:00:37.312,2.02509,2.02546,1.00,1.00
2016.02.05 14:00:37.413,2.02505,2.02546,1.00,1.00
2016.02.05 14:00:37.623,2.02512,2.02546,1.00,1.00
2016.02.05 14:00:37.753,2.02512,2.02556,2.25,2.25
2016.02.05 14:00:38.327,2.02512,2.02555,2.25,1.87
2016.02.05 14:00:38.428,2.02507,2.02548,1.75,1.00
2016.02.05 14:00:38.530,2.02507,2.02544,1.00,1.12
2016.02.05 14:00:38.667,2.02503,2.02544,1.37,1.50
2016.02.05 14:00:38.819,2.025,2.02535,1.00,1.00
2016.02.05 14:00:38.870,2.025,2.02535,1.00,1.37
2016.02.05 14:00:38.921,2.02496,2.02535,1.00,1.75
2016.02.05 14:00:39.072,2.02496,2.02531,1.00,1.50
2016.02.05 14:00:39.374,2.02509,2.02546,1.37,1.65
2016.02.05 14:00:39.425,2.02513,2.02554,1.00,1.12
2016.02.05 14:00:39.728,2.0251,2.0255,1.50,1.00
2016.02.05 14:00:39.930,2.02506,2.02549,1.50,1.00
2016.02.05 14:00:40.031,2.02506,2.02549,1.00,1.37
2016.02.05 14:00:40.361,2.02515,2.0255,1.00,2.25
2016.02.05 14:00:40.412,2.02512,2.02548,1.00,1.12
2016.02.05 14:00:40.524,2.02523,2.0256,1.00,1.87
2016.02.05 14:00:40.828,2.02519,2.02556,1.00,1.00
2016.02.05 14:00:41.157,2.02516,2.02554,1.00,1.37
2016.02.05 14:00:41.259,2.02516,2.02554,1.00,1.00
2016.02.05 14:00:41.310,2.0252,2.02555,1.00,1.00
2016.02.05 14:00:41.512,2.02517,2.02553,1.00,1.00
2016.02.05 14:00:41.747,2.02512,2.02549,1.50,1.00
2016.02.05 14:00:41.999,2.02515,2.02552,1.00,1.00
2016.02.05 14:00:42.353,2.02519,2.02551,1.00,1.00
2016.02.05 14:00:42.826,2.0252,2.02553,1.00,1.00
2016.02.05 14:00:43.005,2.0252,2.02557,1.00,1.00
2016.02.05 14:00:43.207,2.02516,2.02551,1.00,1.00
2016.02.05 14:00:43.359,2.02521,2.02558,1.00,1.50
2016.02.05 14:00:43.682,2.02521,2.02554,1.00,1.00
2016.02.05 14:00:44.131,2.02521,2.02558,1.00,1.00
2016.02.05 14:00:44.720,2.02521,2.02558,1.87,1.00
2016.02.05 14:00:44.822,2.02521,2.02558,1.75,1.00
2016.02.05 14:00:44.873,2.02525,2.0256,1.00,1.00
2016.02.05 14:00:44.975,2.02522,2.02558,1.12,1.00
2016.02.05 14:00:45.102,2.02518,2.02555,1.50,1.00
2016.02.05 14:00:45.153,2.02523,2.02558,1.00,1.00
2016.02.05 14:00:45.456,2.02523,2.02556,1.00,1.00
2016.02.05 14:00:45.608,2.02522,2.0256,1.00,1.37
2016.02.05 14:00:45.760,2.02524,2.0256,1.00,1.50
2016.02.05 14:00:46.093,2.02526,2.02562,1.00,1.00
2016.02.05 14:00:46.396,2.02528,2.02564,1.00,1.00
2016.02.05 14:00:46.698,2.02531,2.02564,1.00,1.00
2016.02.05 14:00:46.994,2.02534,2.02571,1.87,1.00
2016.02.05 14:00:47.297,2.0253,2.02565,1.00,1.00
2016.02.05 14:00:47.348,2.02532,2.02569,1.00,1.00
2016.02.05 14:00:47.500,2.0253,2.02566,1.00,1.00
2016.02.05 14:00:47.631,2.02531,2.02569,1.50,1.00
2016.02.05 14:00:47.732,2.0253,2.02564,1.00,1.00
2016.02.05 14:00:47.834,2.02531,2.02569,1.00,1.00
2016.02.05 14:00:47.986,2.02529,2.02564,1.00,1.00
2016.02.05 14:00:48.087,2.02534,2.02571,1.00,1.00
2016.02.05 14:00:48.405,2.02532,2.02567,1.00,1.00
2016.02.05 14:00:48.732,2.02537,2.02572,1.00,1.00
2016.02.05 14:00:48.884,2.0254,2.02578,1.00,1.00
2016.02.05 14:00:49.342,2.02537,2.02573,1.00,1.00
2016.02.05 14:00:49.393,2.02536,2.02577,1.00,1.00
2016.02.05 14:00:49.645,2.02536,2.0258,1.50,1.00
2016.02.05 14:00:50.123,2.0253,2.02574,1.00,1.12
2016.02.05 14:00:50.426,2.02532,2.02559,1.00,1.00
2016.02.05 14:00:50.528,2.02532,2.02561,1.00,1.00
2016.02.05 14:00:50.629,2.02532,2.02565,1.00,1.00
2016.02.05 14:00:50.680,2.02535,2.02565,1.00,1.00
2016.02.05 14:00:50.832,2.02535,2.02567,1.00,1.00
2016.02.05 14:00:51.011,2.02537,2.02567,1.00,1.00
2016.02.05 14:00:51.214,2.02537,2.02572,1.00,1.00
2016.02.05 14:00:51.365,2.02538,2.02581,1.00,1.00
2016.02.05 14:00:51.468,2.02546,2.02577,1.00,1.00
2016.02.05 14:00:51.621,2.02546,2.02581,1.00,1.00
2016.02.05 14:00:51.794,2.0254,2.02579,1.00,1.00
2016.02.05 14:00:51.845,2.02539,2.02574,1.00,1.00
2016.02.05 14:00:52.149,2.02552,2.02568,1.50,1.00
2016.02.05 14:00:52.200,2.02543,2.02568,1.00,1.00
2016.02.05 14:00:52.251,2.02543,2.02575,1.00,1.00
2016.02.05 14:00:52.302,2.02543,2.02577,1.50,1.00
2016.02.05 14:00:52.690,2.02543,2.02579,1.00,1.00
2016.02.05 14:00:53.489,2.02548,2.02587,1.37,1.37
2016.02.05 14:00:53.540,2.02548,2.02587,1.75,1.00
2016.02.05 14:00:53.591,2.02557,2.0259,1.00,1.87
2016.02.05 14:00:53.743,2.02556,2.02598,1.50,2.25
2016.02.05 14:00:54.169,2.02556,2.02593,1.50,1.00
2016.02.05 14:00:54.530,2.02556,2.02588,1.50,1.00
2016.02.05 14:00:54.732,2.02541,2.02575,1.00,1.00
2016.02.05 14:00:54.783,2.02539,2.02575,1.37,1.37
2016.02.05 14:00:54.834,2.02531,2.02572,1.00,1.00
2016.02.05 14:00:54.885,2.02535,2.02572,1.00,1.00
2016.02.05 14:00:55.426,2.02542,2.02568,1.00,1.00
2016.02.05 14:00:55.629,2.0254,2.02572,1.00,1.00
2016.02.05 14:00:55.680,2.02537,2.02573,1.12,1.37
2016.02.05 14:00:55.731,2.02535,2.02579,1.75,2.25
2016.02.05 14:00:55.782,2.02541,2.02579,1.37,1.37
2016.02.05 14:00:56.000,2.02553,2.02584,1.00,1.00
2016.02.05 14:00:56.164,2.02553,2.02584,1.37,1.00
2016.02.05 14:00:56.316,2.02553,2.0259,1.00,1.87
2016.02.05 14:00:56.855,2.02554,2.0259,1.00,1.87
2016.02.05 14:00:56.908,2.02564,2.0259,1.12,1.00
2016.02.05 14:00:57.030,2.02557,2.02593,1.00,1.00
2016.02.05 14:00:57.181,2.02557,2.02591,1.00,1.00
2016.02.05 14:00:57.383,2.02557,2.02593,1.50,1.00
2016.02.05 14:00:57.484,2.02557,2.02589,1.00,1.00
2016.02.05 14:00:57.586,2.02555,2.02589,1.00,1.00
2016.02.05 14:00:57.637,2.02557,2.02589,1.00,1.00
2016.02.05 14:00:57.738,2.02556,2.02598,1.37,1.37
2016.02.05 14:00:57.790,2.02557,2.02598,1.00,1.00
2016.02.05 14:00:57.854,2.02561,2.02598,1.00,1.00
2016.02.05 14:00:58.157,2.0257,2.02605,1.12,1.00
2016.02.05 14:00:58.472,2.0257,2.02602,1.12,1.00
2016.02.05 14:00:58.711,2.02573,2.02607,1.00,1.00
2016.02.05 14:00:58.762,2.02573,2.02607,1.37,1.00
2016.02.05 14:00:58.813,2.02574,2.02615,1.75,1.87
2016.02.05 14:00:58.914,2.0258,2.02615,1.00,1.12
2016.02.05 14:00:59.016,2.0258,2.02618,1.50,1.50
2016.02.05 14:00:59.550,2.0258,2.02619,1.00,1.00
2016.02.05 14:00:59.832,2.0258,2.02609,1.00,1.50
2016.02.05 14:00:59.983,2.02578,2.02612,1.00,1.75
2016.02.05 14:01:00.085,2.02578,2.02615,1.75,1.00
2016.02.05 14:01:00.136,2.02577,2.02611,1.75,1.00
2016.02.05 14:01:00.237,2.02579,2.02613,1.50,1.00
2016.02.05 14:01:00.595,2.02579,2.02615,1.50,1.00
2016.02.05 14:01:00.898,2.02579,2.02621,1.50,1.12
2016.02.05 14:01:01.000,2.02579,2.02619,1.50,1.00
2016.02.05 14:01:01.303,2.02584,2.02623,1.75,1.00
2016.02.05 14:01:01.448,2.02584,2.02627,1.75,1.00
2016.02.05 14:01:01.751,2.02592,2.02629,1.12,1.37
2016.02.05 14:01:02.054,2.02592,2.02628,1.50,1.00
2016.02.05 14:01:02.439,2.02592,2.02631,1.50,1.50
2016.02.05 14:01:02.641,2.02597,2.02631,1.12,1.50
2016.02.05 14:01:02.692,2.02597,2.02635,1.50,1.00
2016.02.05 14:01:02.743,2.02597,2.0263,1.50,1.00
2016.02.05 14:01:02.945,2.02579,2.02619,1.00,1.75
2016.02.05 14:01:02.996,2.02576,2.02618,1.12,1.75
2016.02.05 14:01:03.441,2.02582,2.02619,1.12,1.37
2016.02.05 14:01:03.492,2.02582,2.02625,1.50,3.00
2016.02.05 14:01:04.020,2.02582,2.02622,1.50,1.00
2016.02.05 14:01:04.526,2.02582,2.02625,1.50,2.25
2016.02.05 14:01:05.307,2.02582,2.02622,1.50,1.00
2016.02.05 14:01:05.971,2.02587,2.02627,1.37,1.37
2016.02.05 14:01:06.022,2.02589,2.02627,1.00,1.00
2016.02.05 14:01:06.124,2.02584,2.02626,1.12,1.12
2016.02.05 14:01:06.326,2.02584,2.02622,1.12,1.00
2016.02.05 14:01:06.656,2.02584,2.02626,1.75,1.12
2016.02.05 14:01:06.910,2.02571,2.02612,1.87,1.00
2016.02.05 14:01:06.962,2.02571,2.02609,1.12,1.00
2016.02.05 14:01:07.296,2.02569,2.02606,2.40,1.00
2016.02.05 14:01:07.347,2.02569,2.02606,1.00,1.12
2016.02.05 14:01:07.449,2.0257,2.02599,1.00,1.00
2016.02.05 14:01:07.651,2.0256,2.02599,1.00,1.50
2016.02.05 14:01:07.702,2.02557,2.02599,1.50,1.50
2016.02.05 14:01:07.753,2.02557,2.02597,1.50,1.00
2016.02.05 14:01:07.820,2.02557,2.02599,1.50,1.50
2016.02.05 14:01:08.121,2.02557,2.02597,1.00,1.00
2016.02.05 14:01:09.182,2.0256,2.02599,1.00,1.00
2016.02.05 14:01:09.888,2.0256,2.02602,1.37,1.37
2016.02.05 14:01:09.939,2.0256,2.02602,1.75,1.00
2016.02.05 14:01:10.066,2.02565,2.02607,1.00,1.75
2016.02.05 14:01:10.966,2.02566,2.02607,2.25,1.37
2016.02.05 14:01:11.118,2.02574,2.02614,1.50,1.00
2016.02.05 14:01:11.219,2.02575,2.02616,1.00,1.50
2016.02.05 14:01:11.270,2.02575,2.02616,1.37,1.12
2016.02.05 14:01:11.371,2.02581,2.02622,1.00,1.00
2016.02.05 14:01:12.401,2.02581,2.02615,1.00,1.00
2016.02.05 14:01:12.553,2.02575,2.02615,1.00,1.00
2016.02.05 14:01:12.768,2.02574,2.02612,1.00,1.00
2016.02.05 14:01:13.303,2.02568,2.02606,1.37,1.00
2016.02.05 14:01:13.353,2.02568,2.02606,1.00,1.12
2016.02.05 14:01:13.404,2.02564,2.02597,1.12,1.00
2016.02.05 14:01:13.752,2.02561,2.02597,1.00,1.12
2016.02.05 14:01:13.904,2.02567,2.02608,1.87,1.65
2016.02.05 14:01:13.955,2.02567,2.02611,2.25,1.87
2016.02.05 14:01:14.005,2.02567,2.02606,1.87,1.00
2016.02.05 14:01:14.119,2.02568,2.02611,1.50,1.87
2016.02.05 14:01:14.220,2.02567,2.02605,1.75,1.50
2016.02.05 14:01:14.321,2.02561,2.02601,1.00,1.00
2016.02.05 14:01:14.483,2.02559,2.026,1.00,1.00
2016.02.05 14:01:14.892,2.02559,2.02601,1.00,1.37
2016.02.05 14:01:15.212,2.02556,2.02594,1.37,1.00
2016.02.05 14:01:15.263,2.02556,2.02594,1.00,1.00
2016.02.05 14:01:15.765,2.02556,2.02598,1.00,1.75
2016.02.05 14:01:16.219,2.02556,2.02598,1.37,1.37
2016.02.05 14:01:16.270,2.02562,2.02598,1.00,1.00
2016.02.05 14:01:16.321,2.02562,2.02601,1.50,1.00
2016.02.05 14:01:16.423,2.02562,2.02605,3.00,1.37
2016.02.05 14:01:16.501,2.02567,2.02606,1.12,1.00
2016.02.05 14:01:16.552,2.02567,2.02601,1.12,1.00
2016.02.05 14:01:16.704,2.02562,2.02599,1.12,1.37
2016.02.05 14:01:16.755,2.02558,2.02598,1.00,1.75
2016.02.05 14:01:16.856,2.02558,2.02584,1.00,1.00
2016.02.05 14:01:17.059,2.02549,2.02584,1.00,1.00
2016.02.05 14:01:17.297,2.02546,2.02584,1.50,1.00
2016.02.05 14:01:17.398,2.02549,2.0259,1.37,1.37
2016.02.05 14:01:17.449,2.02549,2.0259,1.75,1.00
2016.02.05 14:01:18.148,2.02549,2.02579,1.75,1.00
2016.02.05 14:01:18.352,2.0253,2.02566,1.00,1.00
2016.02.05 14:01:18.605,2.02537,2.02566,1.00,1.00
2016.02.05 14:01:18.758,2.02537,2.02577,1.75,1.00
2016.02.05 14:01:18.928,2.02537,2.02572,1.75,1.00
2016.02.05 14:01:19.181,2.02528,2.02568,1.50,1.00
2016.02.05 14:01:19.923,2.02527,2.02567,1.75,1.00
2016.02.05 14:01:20.126,2.02524,2.02567,2.25,1.37
2016.02.05 14:01:20.429,2.02511,2.02545,1.37,1.37
2016.02.05 14:01:20.537,2.02507,2.02544,1.00,1.00
2016.02.05 14:01:20.942,2.02521,2.02549,1.00,1.00
2016.02.05 14:01:21.043,2.02524,2.02554,1.00,1.00
2016.02.05 14:01:21.144,2.02524,2.02566,1.00,1.50
2016.02.05 14:01:21.715,2.02528,2.02568,1.00,1.75
2016.02.05 14:01:21.886,2.02528,2.02569,1.50,1.00
2016.02.05 14:01:22.263,2.02528,2.02571,2.25,1.12
2016.02.05 14:01:22.799,2.02528,2.0257,2.25,1.00
2016.02.05 14:01:23.304,2.02528,2.02571,2.25,1.12
2016.02.05 14:01:23.827,2.02528,2.0257,2.25,1.00
2016.02.05 14:01:24.356,2.02528,2.02571,2.25,1.87
2016.02.05 14:01:24.458,2.02531,2.02571,1.00,1.12
2016.02.05 14:01:25.360,2.02537,2.02571,1.00,1.12
2016.02.05 14:01:25.699,2.0255,2.02587,1.00,1.00
2016.02.05 14:01:25.901,2.02551,2.02594,1.00,1.75
2016.02.05 14:01:25.952,2.02557,2.02594,1.00,1.00
2016.02.05 14:01:26.205,2.02557,2.02598,2.25,1.00
2016.02.05 14:01:26.589,2.02559,2.02593,1.37,1.00
2016.02.05 14:01:26.690,2.02552,2.02593,1.12,1.37
2016.02.05 14:01:26.741,2.02552,2.02589,1.12,1.00
2016.02.05 14:01:26.943,2.02541,2.02584,1.75,1.50
2016.02.05 14:01:27.302,2.02546,2.02584,1.00,1.50
2016.02.05 14:01:27.636,2.02558,2.02595,1.75,1.00
2016.02.05 14:01:28.591,2.02553,2.02595,1.50,1.12
2016.02.05 14:01:29.280,2.02553,2.02592,1.50,1.00
2016.02.05 14:01:30.064,2.02553,2.02595,1.50,1.12
2016.02.05 14:01:31.690,2.0256,2.02596,1.00,1.37
2016.02.05 14:01:31.791,2.02553,2.02597,1.50,1.12
2016.02.05 14:01:31.842,2.02552,2.02583,2.25,1.00
2016.02.05 14:01:31.994,2.02546,2.0258,1.00,1.50
2016.02.05 14:01:32.045,2.02544,2.0258,1.00,1.50
2016.02.05 14:01:32.166,2.02536,2.02577,1.50,1.00
2016.02.05 14:01:32.267,2.02536,2.02572,1.00,1.00
2016.02.05 14:01:32.520,2.02544,2.02584,1.00,1.00
2016.02.05 14:01:33.058,2.02544,2.02586,1.50,1.00
2016.02.05 14:01:33.159,2.02544,2.02587,1.50,1.37
2016.02.05 14:01:33.463,2.02553,2.02586,1.00,1.00
2016.02.05 14:01:33.795,2.02539,2.02574,1.00,2.25
2016.02.05 14:01:33.846,2.02535,2.0257,1.00,1.00
2016.02.05 14:01:34.200,2.02535,2.02572,1.50,1.12
2016.02.05 14:01:34.554,2.02539,2.02572,1.00,1.00
2016.02.05 14:01:34.706,2.02535,2.02572,1.50,1.00
2016.02.05 14:01:35.110,2.02535,2.0257,1.00,1.00
2016.02.05 14:01:35.160,2.02535,2.02573,1.50,1.00
2016.02.05 14:01:35.489,2.02539,2.02577,1.00,2.25
2016.02.05 14:01:36.094,2.02537,2.02572,1.00,1.87
2016.02.05 14:01:36.196,2.02533,2.0257,1.00,1.00
2016.02.05 14:01:36.339,2.02533,2.0257,1.00,1.75
2016.02.05 14:01:37.134,2.02533,2.0257,1.00,1.00
2016.02.05 14:01:37.338,2.0254,2.02573,1.00,1.00
2016.02.05 14:01:37.388,2.0254,2.02576,1.00,1.00
2016.02.05 14:01:37.439,2.02541,2.02576,1.37,1.00
2016.02.05 14:01:37.591,2.02549,2.02587,1.00,1.50
2016.02.05 14:01:37.642,2.02554,2.02589,1.00,2.25
2016.02.05 14:01:37.693,2.02555,2.02589,1.00,1.00
2016.02.05 14:01:38.231,2.02558,2.02589,1.00,1.00
2016.02.05 14:01:38.332,2.02553,2.0259,1.00,1.87
2016.02.05 14:01:38.535,2.02559,2.02597,1.00,2.25
2016.02.05 14:01:38.586,2.02556,2.02593,1.00,1.37
2016.02.05 14:01:38.637,2.02556,2.02593,1.00,1.00
2016.02.05 14:01:38.739,2.02556,2.02589,1.00,1.00
2016.02.05 14:01:38.932,2.02559,2.02593,1.00,1.00
2016.02.05 14:01:39.034,2.02556,2.02593,1.00,1.50
2016.02.05 14:01:39.827,2.02558,2.02593,1.00,1.00
2016.02.05 14:01:39.980,2.02558,2.02596,1.87,1.37
2016.02.05 14:01:40.031,2.02558,2.02596,2.25,1.00
2016.02.05 14:01:40.391,2.02563,2.02599,1.00,1.00
2016.02.05 14:01:40.692,2.02565,2.02602,1.00,1.50
2016.02.05 14:01:40.844,2.02565,2.02602,1.12,1.00
2016.02.05 14:01:41.858,2.02567,2.02604,1.00,1.00
2016.02.05 14:01:42.860,2.02569,2.02604,1.00,1.00
2016.02.05 14:01:43.062,2.02575,2.02612,1.00,1.00
2016.02.05 14:01:43.164,2.02575,2.02608,1.00,1.00
2016.02.05 14:01:43.424,2.02571,2.02606,1.00,1.12
2016.02.05 14:01:43.865,2.02571,2.02611,1.50,1.00
2016.02.05 14:01:43.916,2.02572,2.02613,1.00,1.50
2016.02.05 14:01:44.068,2.02583,2.02613,1.00,1.00
2016.02.05 14:01:44.412,2.02593,2.02616,1.50,1.00
2016.02.05 14:01:44.719,2.02595,2.02635,1.00,1.00
2016.02.05 14:01:45.141,2.02598,2.02639,1.37,1.50
2016.02.05 14:01:45.193,2.02598,2.02639,1.37,1.12
2016.02.05 14:01:47.695,2.02598,2.0264,1.87,1.75
2016.02.05 14:01:47.847,2.02588,2.02629,1.00,2.25
2016.02.05 14:01:47.898,2.0258,2.0262,1.37,1.37
2016.02.05 14:01:47.950,2.0258,2.0262,1.00,1.75
2016.02.05 14:01:48.051,2.02578,2.0262,1.00,1.75
2016.02.05 14:01:48.570,2.02574,2.02617,1.75,1.12
2016.02.05 14:01:48.823,2.02573,2.02617,1.37,1.50
2016.02.05 14:01:48.874,2.02573,2.02617,1.00,1.75
2016.02.05 14:01:49.089,2.02583,2.02618,1.00,1.75
2016.02.05 14:01:49.236,2.02583,2.02623,1.87,1.37
2016.02.05 14:01:49.287,2.02592,2.02627,1.00,1.75
2016.02.05 14:01:49.439,2.02598,2.02636,1.00,2.25
2016.02.05 14:01:50.021,2.02595,2.02631,1.00,1.37
2016.02.05 14:01:50.072,2.02592,2.02631,1.00,1.75
2016.02.05 14:01:50.124,2.02595,2.02634,1.00,1.87
2016.02.05 14:01:50.175,2.02595,2.02639,1.00,2.25
2016.02.05 14:01:50.959,2.02603,2.02639,1.00,1.75
2016.02.05 14:01:51.061,2.02606,2.02639,1.00,1.00
2016.02.05 14:01:51.112,2.02615,2.02647,1.37,1.37
2016.02.05 14:01:51.162,2.02616,2.02657,1.00,1.00
2016.02.05 14:01:51.213,2.02615,2.02652,1.37,1.00
2016.02.05 14:01:51.264,2.02611,2.02651,1.50,1.00
2016.02.05 14:01:51.315,2.0261,2.02649,1.37,2.10
2016.02.05 14:01:51.660,2.02603,2.02633,1.00,1.00
2016.02.05 14:01:51.711,2.02603,2.02629,1.00,1.00
2016.02.05 14:01:51.762,2.02596,2.02629,1.00,1.00
2016.02.05 14:01:52.115,2.02593,2.02629,1.00,1.12
2016.02.05 14:01:52.166,2.0259,2.02629,1.00,1.12
2016.02.05 14:01:52.217,2.0259,2.02624,1.00,1.00
2016.02.05 14:01:52.267,2.02583,2.02624,1.37,1.37
2016.02.05 14:01:52.318,2.02583,2.02624,1.00,1.75
2016.02.05 14:01:52.510,2.02586,2.02624,1.00,2.25
2016.02.05 14:01:52.713,2.02609,2.02649,1.00,1.87
2016.02.05 14:01:52.768,2.02612,2.02652,1.50,1.37
2016.02.05 14:01:52.820,2.02617,2.02657,1.00,1.00
2016.02.05 14:01:52.871,2.02617,2.02662,1.00,2.25
2016.02.05 14:01:52.921,2.02619,2.02662,1.00,1.50
2016.02.05 14:01:53.023,2.02621,2.02671,1.12,1.00
2016.02.05 14:01:53.291,2.02625,2.02665,1.00,1.00
2016.02.05 14:01:53.342,2.02622,2.02665,1.00,1.00
2016.02.05 14:01:53.393,2.0262,2.02665,1.00,1.00
2016.02.05 14:01:53.544,2.0262,2.02662,1.00,1.12
2016.02.05 14:01:53.847,2.02619,2.02654,1.00,1.00
2016.02.05 14:01:54.078,2.02615,2.02659,1.00,1.00
2016.02.05 14:01:54.563,2.02615,2.02655,1.00,1.00
2016.02.05 14:01:54.866,2.02615,2.02652,1.00,1.00
2016.02.05 14:01:55.186,2.02615,2.02649,1.00,1.00
2016.02.05 14:01:55.237,2.02615,2.02655,1.00,1.00
2016.02.05 14:01:55.338,2.02611,2.02655,1.00,1.00
2016.02.05 14:01:55.993,2.02616,2.02655,1.00,1.00
2016.02.05 14:01:56.146,2.02623,2.02665,1.00,1.00
2016.02.05 14:01:56.671,2.02623,2.02666,1.00,1.00
2016.02.05 14:01:56.722,2.02625,2.02666,1.00,1.00
2016.02.05 14:01:56.896,2.02619,2.02665,1.00,1.12
2016.02.05 14:01:56.947,2.02619,2.02665,1.00,1.87
2016.02.05 14:01:57.279,2.02618,2.02656,1.00,1.00
2016.02.05 14:01:57.431,2.02615,2.02656,1.00,1.00
2016.02.05 14:01:57.839,2.0262,2.02664,1.00,1.00
2016.02.05 14:01:57.940,2.02623,2.02668,1.00,1.00
2016.02.05 14:01:57.991,2.02626,2.02668,1.37,1.00
2016.02.05 14:01:58.092,2.0263,2.02671,1.75,1.00
2016.02.05 14:01:58.194,2.02629,2.02675,1.37,1.50
2016.02.05 14:01:58.245,2.02629,2.02675,1.00,1.50
2016.02.05 14:01:58.296,2.02633,2.02675,1.00,1.00
2016.02.05 14:01:58.669,2.02635,2.02677,1.00,1.00
2016.02.05 14:01:58.830,2.02633,2.02677,1.00,1.00
2016.02.05 14:01:58.881,2.02631,2.02675,1.00,1.00
2016.02.05 14:01:59.184,2.02626,2.0267,1.00,1.00
2016.02.05 14:01:59.285,2.02628,2.02674,1.00,1.50
2016.02.05 14:01:59.490,2.02632,2.02676,1.00,1.00
2016.02.05 14:02:00.261,2.02632,2.02674,1.00,1.50
2016.02.05 14:02:00.312,2.02627,2.02673,1.00,1.12
2016.02.05 14:02:00.442,2.02625,2.02664,1.00,1.00
2016.02.05 14:02:00.496,2.02625,2.02668,1.00,1.00
2016.02.05 14:02:00.598,2.02625,2.02666,1.00,1.00
2016.02.05 14:02:00.851,2.02622,2.02665,1.00,1.00
2016.02.05 14:02:00.952,2.02622,2.02661,1.00,1.00
2016.02.05 14:02:01.215,2.02624,2.02664,1.00,1.00
2016.02.05 14:02:01.266,2.02621,2.02665,1.00,1.00
2016.02.05 14:02:01.317,2.02627,2.02665,1.00,1.00
2016.02.05 14:02:01.420,2.02624,2.02667,1.00,1.00
2016.02.05 14:02:01.471,2.02634,2.02669,1.00,1.00
2016.02.05 14:02:01.522,2.02634,2.02675,1.00,1.50
2016.02.05 14:02:01.624,2.02629,2.02675,1.00,1.87
2016.02.05 14:02:01.675,2.02628,2.02672,1.00,1.00
2016.02.05 14:02:01.776,2.02623,2.02669,1.00,1.50
2016.02.05 14:02:02.030,2.02623,2.02662,1.00,1.00
2016.02.05 14:02:02.185,2.0262,2.02662,1.00,1.00
2016.02.05 14:02:02.236,2.0262,2.02655,1.00,1.00
2016.02.05 14:02:02.449,2.0262,2.02658,1.00,1.00
2016.02.05 14:02:02.969,2.0262,2.02663,1.00,1.00
2016.02.05 14:02:03.070,2.02627,2.02663,1.00,1.00
2016.02.05 14:02:03.403,2.02627,2.02661,1.00,1.00
2016.02.05 14:02:03.454,2.02627,2.02663,1.00,1.00
2016.02.05 14:02:03.505,2.0262,2.02663,1.00,1.00
2016.02.05 14:02:03.606,2.02622,2.02663,1.00,1.00
2016.02.05 14:02:03.781,2.02622,2.02665,1.00,1.00
2016.02.05 14:02:04.298,2.02623,2.02665,1.00,1.00
2016.02.05 14:02:04.349,2.02623,2.02668,1.00,1.00
2016.02.05 14:02:04.399,2.02622,2.02665,1.00,1.00
2016.02.05 14:02:04.721,2.02627,2.02662,1.00,1.00
2016.02.05 14:02:04.822,2.02621,2.02662,1.50,1.00
2016.02.05 14:02:05.199,2.02623,2.02662,1.00,1.00
2016.02.05 14:02:05.451,2.02621,2.02661,1.00,1.00
2016.02.05 14:02:05.671,2.02621,2.02664,1.00,1.00
2016.02.05 14:02:05.823,2.02626,2.02664,1.00,1.00
2016.02.05 14:02:06.360,2.02622,2.02664,1.00,1.00
2016.02.05 14:02:06.411,2.02622,2.02662,1.00,1.00
2016.02.05 14:02:06.924,2.02621,2.02662,1.00,1.00
2016.02.05 14:02:07.473,2.02621,2.02663,1.00,1.00
2016.02.05 14:02:07.729,2.02628,2.02674,1.00,1.50
2016.02.05 14:02:07.780,2.02631,2.02674,1.00,1.00
2016.02.05 14:02:08.083,2.02617,2.02658,1.00,1.00
2016.02.05 14:02:08.405,2.02618,2.02663,1.00,1.00
2016.02.05 14:02:08.507,2.02618,2.02661,1.00,1.00
2016.02.05 14:02:08.710,2.02613,2.02659,1.00,1.00
2016.02.05 14:02:08.761,2.02613,2.02655,1.00,1.00
2016.02.05 14:02:09.263,2.02611,2.02655,1.00,1.00
2016.02.05 14:02:09.515,2.02611,2.02657,1.00,1.00
2016.02.05 14:02:09.669,2.02614,2.02659,1.12,1.00
2016.02.05 14:02:09.973,2.02618,2.0266,1.12,1.00
2016.02.05 14:02:10.225,2.0262,2.02664,1.00,1.50
2016.02.05 14:02:10.377,2.02618,2.02662,1.00,1.00
2016.02.05 14:02:10.529,2.0262,2.02666,1.00,1.00
2016.02.05 14:02:10.897,2.02625,2.02666,1.00,1.00
2016.02.05 14:02:11.049,2.02624,2.02668,1.00,1.00
2016.02.05 14:02:11.100,2.02621,2.02667,1.00,1.00
2016.02.05 14:02:11.151,2.0263,2.02671,1.00,1.00
2016.02.05 14:02:11.202,2.02626,2.02671,1.00,1.00
2016.02.05 14:02:11.494,2.02624,2.0267,1.00,1.00
2016.02.05 14:02:12.090,2.02626,2.02671,1.00,1.00
2016.02.05 14:02:12.393,2.02629,2.02675,1.00,1.50
2016.02.05 14:02:13.025,2.02627,2.0267,1.00,1.00
2016.02.05 14:02:13.075,2.02628,2.02672,1.00,1.00
2016.02.05 14:02:13.227,2.02631,2.02675,1.00,1.00
2016.02.05 14:02:13.729,2.02633,2.02677,1.00,1.00
2016.02.05 14:02:14.084,2.02629,2.02673,1.00,1.00
2016.02.05 14:02:14.458,2.02632,2.02674,1.12,1.00
2016.02.05 14:02:14.560,2.02633,2.02679,1.00,1.00
2016.02.05 14:02:14.813,2.02636,2.02675,1.00,1.00
2016.02.05 14:02:15.017,2.02639,2.02683,1.00,1.50
2016.02.05 14:02:15.119,2.02642,2.02683,1.00,1.00
2016.02.05 14:02:15.464,2.02639,2.02679,1.00,1.00
2016.02.05 14:02:15.566,2.02639,2.02683,1.00,1.00
2016.02.05 14:02:15.667,2.02639,2.02685,1.50,1.00
2016.02.05 14:02:15.718,2.02643,2.02687,1.00,1.00
2016.02.05 14:02:16.092,2.02644,2.02687,1.75,1.00
2016.02.05 14:02:16.143,2.02654,2.02692,1.75,1.00
2016.02.05 14:02:16.194,2.02653,2.02688,1.37,1.37
2016.02.05 14:02:16.245,2.0265,2.02686,1.00,1.00
2016.02.05 14:02:16.346,2.02647,2.02686,1.00,1.00
2016.02.05 14:02:16.397,2.02648,2.02692,1.37,1.37
2016.02.05 14:02:16.448,2.02648,2.02692,1.75,1.00
2016.02.05 14:02:16.701,2.02655,2.02694,1.00,1.50
2016.02.05 14:02:17.002,2.02649,2.02694,2.25,2.25
2016.02.05 14:02:17.507,2.02654,2.02693,1.00,1.12
2016.02.05 14:02:17.674,2.02654,2.02685,1.00,1.00
2016.02.05 14:02:17.859,2.02643,2.02681,1.00,1.75
2016.02.05 14:02:18.062,2.02639,2.02679,1.12,1.12
2016.02.05 14:02:18.315,2.02637,2.02675,1.75,1.00
2016.02.05 14:02:18.630,2.02637,2.02676,1.00,1.75
2016.02.05 14:02:18.731,2.02637,2.02676,1.50,1.00
2016.02.05 14:02:18.950,2.02637,2.02678,2.25,1.00
2016.02.05 14:02:19.484,2.02637,2.02677,2.25,1.00
2016.02.05 14:02:19.780,2.02637,2.02678,1.37,1.87
2016.02.05 14:02:19.932,2.02634,2.02676,1.00,1.75
2016.02.05 14:02:20.033,2.02629,2.02669,1.75,1.00
2016.02.05 14:02:20.185,2.02626,2.02667,1.00,2.25
2016.02.05 14:02:20.236,2.02638,2.02667,1.12,1.50
2016.02.05 14:02:20.338,2.02645,2.02678,1.00,1.50
2016.02.05 14:02:20.489,2.02645,2.02687,1.50,1.50
2016.02.05 14:02:20.706,2.02643,2.02681,1.75,1.00
2016.02.05 14:02:21.010,2.02624,2.02664,1.75,1.00
2016.02.05 14:02:21.191,2.02625,2.02667,1.50,1.00
2016.02.05 14:02:22.486,2.0263,2.02667,1.00,1.00
2016.02.05 14:02:23.042,2.02625,2.02667,2.25,1.00
2016.02.05 14:02:23.474,2.02629,2.02667,1.00,1.00
2016.02.05 14:02:23.727,2.02629,2.02673,1.75,2.25
2016.02.05 14:02:23.829,2.02635,2.02675,1.00,1.75
2016.02.05 14:02:24.132,2.02642,2.02686,1.87,1.75
2016.02.05 14:02:24.258,2.02645,2.02687,1.00,1.75
2016.02.05 14:02:25.247,2.02642,2.02681,1.37,1.00
2016.02.05 14:02:25.550,2.02635,2.02677,1.00,2.25
2016.02.05 14:02:25.655,2.02635,2.02677,1.37,1.87
2016.02.05 14:02:25.756,2.02633,2.02672,1.00,1.75
2016.02.05 14:02:26.361,2.02637,2.02673,1.00,1.00
2016.02.05 14:02:26.462,2.02642,2.02685,1.87,1.50
2016.02.05 14:02:26.614,2.02642,2.0268,1.37,1.00
2016.02.05 14:02:26.816,2.02635,2.02675,1.12,1.12
2016.02.05 14:02:27.150,2.02647,2.02675,1.00,1.12
2016.02.05 14:02:27.251,2.02647,2.02682,1.75,1.00
2016.02.05 14:02:27.302,2.02651,2.02686,1.00,1.00
2016.02.05 14:02:27.353,2.02655,2.02699,1.50,1.75
2016.02.05 14:02:27.454,2.02658,2.027,1.37,1.37
2016.02.05 14:02:27.721,2.02658,2.02694,1.37,1.00
2016.02.05 14:02:28.375,2.02656,2.02693,1.00,1.00
2016.02.05 14:02:28.477,2.02657,2.02695,1.00,1.00
2016.02.05 14:02:28.528,2.02658,2.02699,1.00,1.00
2016.02.05 14:02:28.944,2.02658,2.027,2.25,1.00
2016.02.05 14:02:29.247,2.02662,2.02706,1.87,1.75
2016.02.05 14:02:29.399,2.02662,2.02693,1.87,1.00
2016.02.05 14:02:29.606,2.02647,2.0269,1.00,1.75
2016.02.05 14:02:29.707,2.0265,2.02688,1.00,1.00
2016.02.05 14:02:29.808,2.0265,2.0269,1.00,1.00
2016.02.05 14:02:30.082,2.02645,2.02687,2.62,1.00
2016.02.05 14:02:30.234,2.02645,2.02685,1.00,1.00
2016.02.05 14:02:30.588,2.02648,2.02687,1.12,1.00
2016.02.05 14:02:30.941,2.0265,2.02689,1.00,1.37
2016.02.05 14:02:31.042,2.02652,2.0269,1.00,1.00
2016.02.05 14:02:31.143,2.02654,2.02698,1.87,1.37
2016.02.05 14:02:31.194,2.02658,2.02698,1.50,1.00
2016.02.05 14:02:31.245,2.02661,2.02702,1.37,1.37
2016.02.05 14:02:31.296,2.02661,2.02704,1.75,1.00
2016.02.05 14:02:31.682,2.02667,2.02707,1.00,1.00
2016.02.05 14:02:31.985,2.02672,2.02711,1.00,1.75
2016.02.05 14:02:32.086,2.02672,2.02711,1.50,1.00
2016.02.05 14:02:32.188,2.02667,2.02709,1.12,1.87
2016.02.05 14:02:32.259,2.02667,2.02698,1.12,1.00
2016.02.05 14:02:32.320,2.02656,2.02693,1.00,1.75
2016.02.05 14:02:32.371,2.02653,2.02692,1.00,1.50
2016.02.05 14:02:32.523,2.0265,2.02692,1.00,1.50
2016.02.05 14:02:32.950,2.02649,2.02688,1.12,1.00
2016.02.05 14:02:33.857,2.02649,2.02688,1.00,1.75
2016.02.05 14:02:33.908,2.02643,2.02688,1.50,1.75
2016.02.05 14:02:34.477,2.02649,2.02689,1.00,1.50
2016.02.05 14:02:34.780,2.02655,2.02691,2.62,1.00
2016.02.05 14:02:34.932,2.02657,2.02699,1.12,1.75
2016.02.05 14:02:35.036,2.02661,2.02701,1.75,1.00
2016.02.05 14:02:35.087,2.02662,2.02704,1.75,1.00
2016.02.05 14:02:36.668,2.02664,2.02705,1.12,1.00
2016.02.05 14:02:36.770,2.02668,2.02706,1.00,1.12
2016.02.05 14:02:36.871,2.02665,2.02707,1.00,1.50
2016.02.05 14:02:36.973,2.02664,2.02704,1.00,1.75
2016.02.05 14:02:37.303,2.0266,2.02696,1.00,1.00
2016.02.05 14:02:37.353,2.02655,2.02696,3.37,1.00
2016.02.05 14:02:37.882,2.02655,2.02696,3.37,1.00
2016.02.05 14:02:38.472,2.02655,2.02696,2.62,1.00
2016.02.05 14:02:39.179,2.02655,2.02696,2.62,1.00
2016.02.05 14:02:39.901,2.02657,2.02696,1.00,1.00
2016.02.05 14:02:41.962,2.02664,2.02696,1.00,1.00
2016.02.05 14:02:42.114,2.02668,2.02704,1.00,1.00
2016.02.05 14:02:42.215,2.02669,2.02707,1.00,1.12
2016.02.05 14:02:42.317,2.02667,2.027,1.00,1.50
2016.02.05 14:02:42.368,2.02664,2.027,1.00,1.50
2016.02.05 14:02:42.419,2.02661,2.02704,1.00,1.75
2016.02.05 14:02:42.638,2.02656,2.02699,1.50,1.37
2016.02.05 14:02:43.684,2.02659,2.02699,1.00,1.37
2016.02.05 14:02:44.204,2.02656,2.02699,2.25,1.37
2016.02.05 14:02:45.830,2.02654,2.02699,1.00,2.25
2016.02.05 14:02:45.931,2.02657,2.02699,1.50,1.50
2016.02.05 14:02:46.436,2.02658,2.02699,1.00,1.50
2016.02.05 14:02:46.568,2.02662,2.02698,1.00,1.00
2016.02.05 14:02:46.619,2.02662,2.02705,1.87,1.50
2016.02.05 14:02:46.822,2.02658,2.02699,1.00,1.50
2016.02.05 14:02:47.074,2.02663,2.02705,1.87,1.37
2016.02.05 14:02:47.350,2.02663,2.02698,1.37,1.00
2016.02.05 14:02:47.501,2.02655,2.02692,1.00,1.50
2016.02.05 14:02:47.552,2.02653,2.02692,1.00,1.50
2016.02.05 14:02:47.921,2.0265,2.02692,1.87,1.50
2016.02.05 14:02:49.024,2.02655,2.02695,1.50,1.00
2016.02.05 14:02:49.075,2.02655,2.02698,1.50,1.12
2016.02.05 14:02:50.340,2.02658,2.02699,1.00,1.50
2016.02.05 14:02:53.554,2.02658,2.02697,1.00,1.00
2016.02.05 14:02:53.855,2.02646,2.0268,1.37,1.00
2016.02.05 14:02:53.957,2.0264,2.02678,1.12,1.00
2016.02.05 14:02:54.059,2.02638,2.02675,1.00,1.00
2016.02.05 14:02:54.110,2.02635,2.02675,1.00,1.00
2016.02.05 14:02:54.211,2.02633,2.02667,1.50,1.00
2016.02.05 14:02:54.312,2.02633,2.02673,1.50,1.00
2016.02.05 14:02:54.414,2.02633,2.02668,1.50,1.00
2016.02.05 14:02:54.735,2.02633,2.02665,1.00,1.00
2016.02.05 14:02:54.939,2.02628,2.0267,1.37,1.87
2016.02.05 14:02:55.141,2.02627,2.02669,1.87,1.50
2016.02.05 14:02:55.464,2.02639,2.02669,1.00,1.00
2016.02.05 14:02:55.515,2.02638,2.02673,1.00,1.00
2016.02.05 14:02:55.566,2.02636,2.02673,1.00,1.75
2016.02.05 14:02:55.617,2.02631,2.02672,1.00,1.50
2016.02.05 14:02:56.071,2.02631,2.02666,1.00,1.00
2016.02.05 14:02:56.500,2.02631,2.02671,1.00,1.37
2016.02.05 14:02:56.870,2.02626,2.02667,1.00,1.75
2016.02.05 14:02:57.198,2.02623,2.02656,1.00,1.75
2016.02.05 14:02:57.300,2.02614,2.02656,1.00,1.75
2016.02.05 14:02:57.502,2.02611,2.02652,1.50,1.12
2016.02.05 14:02:57.604,2.02609,2.0265,1.75,1.00
2016.02.05 14:02:57.925,2.02611,2.0265,1.00,1.87
2016.02.05 14:02:58.026,2.02608,2.0265,1.00,1.87
2016.02.05 14:02:58.980,2.02607,2.02645,1.12,1.12
2016.02.05 14:02:59.081,2.02609,2.02642,1.00,1.00
2016.02.05 14:02:59.384,2.02628,2.02659,1.75,1.00
2016.02.05 14:02:59.435,2.02631,2.02661,1.00,1.00
2016.02.05 14:02:59.748,2.02632,2.02668,1.00,1.00
2016.02.05 14:02:59.799,2.02632,2.0267,1.00,1.00
2016.02.05 14:02:59.900,2.02629,2.02665,1.50,1.00
2016.02.05 14:03:00.109,2.02628,2.02672,2.25,1.12
2016.02.05 14:03:00.269,2.02628,2.02673,2.25,1.00
2016.02.05 14:03:00.371,2.02634,2.02672,1.00,1.00
2016.02.05 14:03:00.424,2.02632,2.02671,1.00,1.00
2016.02.05 14:03:00.476,2.02632,2.0267,1.75,1.00
2016.02.05 14:03:00.578,2.02628,2.0267,1.75,1.00
2016.02.05 14:03:00.680,2.02638,2.02677,1.50,1.00
2016.02.05 14:03:01.008,2.0263,2.02667,1.00,1.50
2016.02.05 14:03:01.210,2.0263,2.02674,1.00,1.50
2016.02.05 14:03:01.514,2.0263,2.02673,1.00,1.37
2016.02.05 14:03:01.838,2.02637,2.02668,1.00,1.00
2016.02.05 14:03:01.940,2.0263,2.02668,1.00,1.00
2016.02.05 14:03:02.092,2.02627,2.02665,1.00,1.37
2016.02.05 14:03:02.193,2.02624,2.02665,1.00,1.00
2016.02.05 14:03:02.685,2.02624,2.02663,1.37,1.00
2016.02.05 14:03:02.989,2.02629,2.02659,1.00,2.25
2016.02.05 14:03:03.191,2.02624,2.02659,1.00,1.12
2016.02.05 14:03:03.769,2.02622,2.02659,1.00,1.12
2016.02.05 14:03:03.998,2.02622,2.02656,1.00,1.00
2016.02.05 14:03:04.150,2.02614,2.02656,1.75,1.50
2016.02.05 14:03:04.300,2.02611,2.02652,2.25,1.37
2016.02.05 14:03:04.503,2.02607,2.02644,1.00,1.87
2016.02.05 14:03:04.856,2.02607,2.0264,1.00,1.00
2016.02.05 14:03:05.192,2.02607,2.02641,1.00,1.75
2016.02.05 14:03:05.394,2.02607,2.02648,1.00,1.50
2016.02.05 14:03:05.445,2.02616,2.02651,1.00,1.75
2016.02.05 14:03:05.496,2.02616,2.02652,1.75,1.00
2016.02.05 14:03:05.547,2.02616,2.02656,1.75,1.00
2016.02.05 14:03:05.648,2.02623,2.02656,1.00,1.00
2016.02.05 14:03:05.976,2.02623,2.02658,1.12,1.00
2016.02.05 14:03:06.732,2.02623,2.02656,1.12,1.00
2016.02.05 14:03:07.086,2.02623,2.02654,1.12,1.00
2016.02.05 14:03:07.929,2.02622,2.02659,1.50,1.00
2016.02.05 14:03:08.455,2.02627,2.02658,1.00,1.00
2016.02.05 14:03:08.760,2.02629,2.02658,1.00,1.00
2016.02.05 14:03:09.063,2.02632,2.02665,1.00,1.00
2016.02.05 14:03:09.114,2.02636,2.02665,2.02,1.00
2016.02.05 14:03:09.266,2.02652,2.02678,1.00,1.00
2016.02.05 14:03:09.541,2.02645,2.02678,1.75,1.00
2016.02.05 14:03:09.692,2.02645,2.02678,1.00,1.00
2016.02.05 14:03:09.914,2.02646,2.02678,1.37,1.00
2016.02.05 14:03:10.591,2.02638,2.02674,1.50,1.00
2016.02.05 14:03:10.866,2.02634,2.02673,1.37,1.12
2016.02.05 14:03:11.018,2.02651,2.02682,1.50,1.00
2016.02.05 14:03:11.119,2.02651,2.02685,1.50,1.00
2016.02.05 14:03:11.220,2.02651,2.02687,2.25,1.00
2016.02.05 14:03:12.527,2.02655,2.02687,1.00,1.00
2016.02.05 14:03:12.852,2.02701,2.02739,1.00,2.02
2016.02.05 14:03:12.903,2.02701,2.0274,1.37,1.37
2016.02.05 14:03:12.953,2.02701,2.0274,1.75,1.00
2016.02.05 14:03:13.105,2.02706,2.02755,1.00,1.00
2016.02.05 14:03:13.156,2.02709,2.02755,1.00,1.00
2016.02.05 14:03:13.491,2.02692,2.02719,1.37,1.00
2016.02.05 14:03:13.795,2.02705,2.02723,1.00,1.00
2016.02.05 14:03:14.119,2.02709,2.02726,1.00,1.00
2016.02.05 14:03:14.170,2.02709,2.02727,1.00,1.00
2016.02.05 14:03:14.322,2.02709,2.02729,1.00,1.00
2016.02.05 14:03:14.373,2.02709,2.0276,1.00,1.00
2016.02.05 14:03:14.423,2.02709,2.02758,1.00,1.00
2016.02.05 14:03:14.727,2.02709,2.02752,1.00,1.00
2016.02.05 14:03:14.849,2.02709,2.02754,1.00,1.00
2016.02.05 14:03:15.363,2.02706,2.02752,1.12,1.00
2016.02.05 14:03:15.515,2.02704,2.0275,1.87,1.00
2016.02.05 14:03:15.565,2.02704,2.0275,1.50,1.00
2016.02.05 14:03:15.616,2.02704,2.02746,1.00,1.00
2016.02.05 14:03:15.732,2.02702,2.02746,1.00,1.00
2016.02.05 14:03:15.783,2.02697,2.02731,1.75,1.00
2016.02.05 14:03:15.834,2.02697,2.02731,1.00,1.00
2016.02.05 14:03:15.935,2.02693,2.02731,1.00,1.00
2016.02.05 14:03:15.986,2.02693,2.02728,1.00,1.00
2016.02.05 14:03:16.290,2.02693,2.02726,1.00,1.00
2016.02.05 14:03:16.441,2.02698,2.02736,1.00,1.00
2016.02.05 14:03:16.516,2.02701,2.02736,1.00,1.00
2016.02.05 14:03:16.567,2.02701,2.02739,1.00,1.00
2016.02.05 14:03:17.073,2.02701,2.02735,1.00,1.37
2016.02.05 14:03:17.124,2.02696,2.02735,1.00,1.37
2016.02.05 14:03:17.175,2.02696,2.02728,1.00,1.00
2016.02.05 14:03:17.523,2.02694,2.02721,1.00,1.00
2016.02.05 14:03:17.675,2.02687,2.02715,1.00,1.12
2016.02.05 14:03:17.726,2.02683,2.02704,1.00,1.00
2016.02.05 14:03:17.776,2.02674,2.02704,1.00,1.00
2016.02.05 14:03:18.080,2.02674,2.02702,1.00,1.00
2016.02.05 14:03:18.213,2.02671,2.02702,1.00,1.12
2016.02.05 14:03:18.263,2.02671,2.02698,1.00,1.00
2016.02.05 14:03:18.314,2.02666,2.02698,1.00,1.00
2016.02.05 14:03:18.567,2.02672,2.02698,1.00,1.00
2016.02.05 14:03:18.618,2.02672,2.0271,1.00,1.00
2016.02.05 14:03:18.719,2.02672,2.027,1.00,1.00
2016.02.05 14:03:19.053,2.0268,2.02693,1.00,1.00
2016.02.05 14:03:19.104,2.02677,2.02693,1.00,1.00
2016.02.05 14:03:19.206,2.02674,2.02693,1.00,1.00
2016.02.05 14:03:19.359,2.0267,2.02693,1.00,1.00
2016.02.05 14:03:19.619,2.02667,2.02693,1.00,1.00
2016.02.05 14:03:19.670,2.02664,2.02693,1.00,1.00
2016.02.05 14:03:19.948,2.02664,2.02706,1.00,1.00
2016.02.05 14:03:19.999,2.02674,2.02706,1.00,1.00
2016.02.05 14:03:20.050,2.02674,2.02716,1.50,1.00
2016.02.05 14:03:20.101,2.02679,2.0272,1.00,1.00
2016.02.05 14:03:20.413,2.02679,2.02716,1.00,1.00
2016.02.05 14:03:20.716,2.02675,2.02711,1.00,1.00
2016.02.05 14:03:21.197,2.02676,2.02714,1.00,1.00
2016.02.05 14:03:21.399,2.02676,2.02712,1.00,1.00
2016.02.05 14:03:21.652,2.02651,2.02692,1.00,1.00
2016.02.05 14:03:21.705,2.02651,2.0269,1.00,1.00
2016.02.05 14:03:21.918,2.02656,2.02697,1.00,1.00
2016.02.05 14:03:22.019,2.02667,2.02702,1.00,1.00
2016.02.05 14:03:22.322,2.02674,2.02705,1.00,1.00
2016.02.05 14:03:22.907,2.02674,2.02702,1.00,1.00
2016.02.05 14:03:23.211,2.02662,2.02698,1.00,1.00
2016.02.05 14:03:23.464,2.02662,2.02701,1.00,1.00
2016.02.05 14:03:23.565,2.02662,2.02703,1.00,1.00
2016.02.05 14:03:24.358,2.02665,2.02703,1.00,1.00
2016.02.05 14:03:24.684,2.02659,2.02697,1.00,1.00
2016.02.05 14:03:24.988,2.02658,2.02688,1.00,1.37
2016.02.05 14:03:25.190,2.02651,2.02685,1.00,1.12
2016.02.05 14:03:25.292,2.02657,2.02685,1.00,1.00
2016.02.05 14:03:25.343,2.02657,2.02699,1.00,1.75
2016.02.05 14:03:25.394,2.02657,2.02699,1.00,1.00
2016.02.05 14:03:25.818,2.02659,2.02699,1.00,1.00
2016.02.05 14:03:26.121,2.02666,2.02692,1.00,1.00
2016.02.05 14:03:26.424,2.02671,2.02695,1.00,1.00
2016.02.05 14:03:26.557,2.0267,2.027,1.00,1.00
2016.02.05 14:03:27.064,2.0267,2.02702,1.00,1.00
2016.02.05 14:03:27.354,2.02671,2.02694,1.00,1.00
2016.02.05 14:03:27.405,2.02667,2.02695,1.00,1.00
2016.02.05 14:03:27.609,2.02671,2.0271,1.00,1.00
2016.02.05 14:03:27.711,2.02674,2.0271,1.00,1.00
2016.02.05 14:03:28.128,2.02683,2.02712,1.00,1.00
2016.02.05 14:03:28.633,2.02684,2.02712,1.00,1.00
2016.02.05 14:03:28.734,2.0268,2.0271,1.00,1.00
2016.02.05 14:03:28.840,2.0268,2.02713,1.00,1.00
2016.02.05 14:03:29.295,2.0268,2.02716,1.00,1.00
2016.02.05 14:03:29.873,2.0268,2.02712,1.00,1.12
2016.02.05 14:03:29.924,2.02667,2.02698,1.00,1.00
2016.02.05 14:03:30.026,2.02663,2.02698,1.00,1.00
2016.02.05 14:03:30.077,2.02663,2.02685,1.00,1.37
2016.02.05 14:03:30.127,2.02656,2.02684,1.00,1.37
2016.02.05 14:03:30.179,2.02656,2.02664,1.00,1.00
2016.02.05 14:03:30.229,2.02651,2.02664,1.00,1.00
2016.02.05 14:03:30.281,2.02647,2.02664,1.00,1.00
2016.02.05 14:03:30.382,2.02647,2.02664,1.00,2.34
2016.02.05 14:03:30.483,2.02643,2.02664,1.00,1.50
2016.02.05 14:03:30.585,2.0264,2.0265,1.00,1.00
2016.02.05 14:03:30.711,2.0262,2.02644,1.00,1.00
2016.02.05 14:03:30.762,2.02617,2.02644,1.00,1.00
2016.02.05 14:03:30.813,2.02617,2.02651,1.00,1.00
2016.02.05 14:03:30.965,2.02609,2.02651,1.00,1.00
2016.02.05 14:03:31.242,2.02613,2.02647,1.00,1.00
2016.02.05 14:03:31.567,2.02658,2.02671,1.00,1.00
2016.02.05 14:03:31.618,2.02653,2.02671,1.00,1.00
2016.02.05 14:03:31.669,2.02646,2.02671,1.00,1.12
2016.02.05 14:03:31.720,2.02646,2.02667,1.00,1.00
2016.02.05 14:03:31.821,2.02646,2.02669,1.00,1.00
2016.02.05 14:03:31.873,2.02647,2.02669,1.00,1.37
2016.02.05 14:03:31.975,2.02641,2.02659,1.00,1.00
2016.02.05 14:03:32.027,2.02639,2.02659,1.00,1.00
2016.02.05 14:03:32.128,2.02638,2.02655,1.00,1.00
2016.02.05 14:03:32.229,2.02633,2.02655,1.00,1.00
2016.02.05 14:03:32.330,2.0263,2.02655,1.00,1.00
2016.02.05 14:03:32.448,2.02627,2.02669,1.00,1.00
2016.02.05 14:03:32.499,2.02636,2.02672,1.00,1.00
2016.02.05 14:03:32.802,2.02636,2.02667,1.00,1.00
2016.02.05 14:03:33.105,2.02636,2.02669,1.00,1.00
2016.02.05 14:03:33.156,2.02636,2.02672,1.00,1.50
2016.02.05 14:03:33.482,2.02636,2.02675,1.00,1.00
2016.02.05 14:03:33.685,2.02637,2.02678,1.50,1.00
2016.02.05 14:03:33.937,2.02638,2.02673,1.00,1.00
2016.02.05 14:03:34.273,2.0265,2.02673,1.00,1.00
2016.02.05 14:03:34.374,2.02654,2.02681,1.00,1.00
2016.02.05 14:03:34.426,2.02654,2.02684,1.00,1.00
2016.02.05 14:03:34.527,2.0265,2.02684,1.50,1.00
2016.02.05 14:03:34.628,2.0265,2.02686,1.00,1.00
2016.02.05 14:03:34.779,2.0265,2.02682,1.00,1.00
2016.02.05 14:03:34.830,2.02643,2.02682,1.12,1.00
2016.02.05 14:03:34.965,2.02645,2.02681,1.00,1.00
2016.02.05 14:03:35.249,2.02645,2.02685,1.00,2.25
2016.02.05 14:03:36.213,2.02644,2.02681,1.00,1.00
2016.02.05 14:03:36.314,2.02644,2.02685,1.00,1.87
2016.02.05 14:03:36.888,2.02645,2.02685,1.00,1.12
2016.02.05 14:03:38.712,2.0265,2.02685,1.00,1.12
2016.02.05 14:03:39.254,2.02649,2.02687,1.00,1.75
2016.02.05 14:03:39.557,2.02654,2.02691,1.00,1.37
2016.02.05 14:03:39.860,2.02657,2.02691,1.00,1.00
2016.02.05 14:03:39.911,2.02648,2.02691,1.12,1.75
2016.02.05 14:03:40.496,2.02648,2.02686,1.12,1.00
2016.02.05 14:03:40.799,2.02654,2.02686,1.37,1.00
2016.02.05 14:03:41.127,2.02657,2.02686,1.00,1.00
2016.02.05 14:03:41.278,2.02657,2.02693,1.00,1.00
2016.02.05 14:03:42.039,2.02657,2.0269,1.00,1.00
2016.02.05 14:03:42.380,2.0265,2.02685,1.00,1.37
2016.02.05 14:03:42.532,2.02654,2.02685,1.00,1.00
2016.02.05 14:03:42.583,2.02654,2.02687,1.00,1.00
2016.02.05 14:03:42.735,2.02654,2.02683,1.00,1.00
2016.02.05 14:03:42.987,2.02653,2.02688,1.50,1.00
2016.02.05 14:03:43.164,2.02656,2.02691,1.00,1.00
2016.02.05 14:03:43.467,2.0265,2.02685,1.00,1.00
2016.02.05 14:03:44.699,2.0265,2.02682,1.00,1.00
2016.02.05 14:03:44.901,2.0265,2.02684,1.00,1.00
2016.02.05 14:03:44.977,2.02644,2.02681,1.75,1.00
2016.02.05 14:03:45.281,2.02643,2.02665,1.00,1.00
2016.02.05 14:03:45.332,2.02643,2.02678,1.00,1.12
2016.02.05 14:03:45.433,2.02643,2.02678,2.25,1.00
2016.02.05 14:03:45.766,2.02643,2.02674,1.75,1.00
2016.02.05 14:03:45.817,2.02643,2.02676,1.75,1.00
2016.02.05 14:03:46.322,2.02636,2.02674,1.37,1.12
2016.02.05 14:03:46.373,2.02636,2.02674,1.00,1.50
2016.02.05 14:03:46.502,2.02636,2.0267,1.00,1.00
2016.02.05 14:03:46.809,2.02636,2.02668,1.00,1.00
2016.02.05 14:03:47.113,2.02636,2.02665,1.00,1.00
2016.02.05 14:03:47.214,2.02636,2.02669,1.00,1.00
2016.02.05 14:03:47.333,2.02643,2.02678,1.50,1.00
2016.02.05 14:03:47.536,2.0264,2.02678,1.00,1.50
2016.02.05 14:03:47.637,2.0264,2.02671,1.00,1.00
2016.02.05 14:03:47.739,2.02636,2.02671,1.00,1.50
2016.02.05 14:03:48.261,2.02637,2.02671,1.00,1.00
2016.02.05 14:03:48.312,2.02635,2.02671,1.50,1.00
2016.02.05 14:03:48.362,2.02642,2.02671,1.00,1.00
2016.02.05 14:03:48.413,2.02642,2.02675,1.00,1.50
2016.02.05 14:03:48.465,2.02645,2.02679,1.50,1.00
2016.02.05 14:03:48.516,2.02645,2.02671,1.50,1.00
2016.02.05 14:03:48.617,2.02638,2.02671,1.00,1.00
2016.02.05 14:03:48.769,2.02635,2.02672,1.00,1.50
2016.02.05 14:03:48.920,2.02638,2.02674,1.00,1.75
2016.02.05 14:03:49.437,2.02638,2.02675,1.00,1.50
2016.02.05 14:03:49.539,2.02638,2.02675,1.00,1.37
2016.02.05 14:03:49.880,2.02636,2.02664,1.12,1.00
2016.02.05 14:03:50.032,2.02618,2.02655,1.37,1.50
2016.02.05 14:03:50.083,2.02624,2.02658,1.00,1.75
2016.02.05 14:03:50.184,2.02634,2.02666,1.00,1.00
2016.02.05 14:03:50.285,2.02634,2.02663,1.00,1.00
2016.02.05 14:03:50.487,2.02624,2.02659,1.00,1.00
2016.02.05 14:03:50.588,2.02627,2.02659,1.00,1.00
2016.02.05 14:03:50.937,2.02629,2.02659,1.00,1.00
2016.02.05 14:03:51.038,2.02626,2.02659,1.00,1.00
2016.02.05 14:03:51.139,2.0263,2.02659,1.37,1.00
2016.02.05 14:03:51.190,2.0263,2.02664,1.50,1.00
2016.02.05 14:03:51.241,2.02636,2.02664,1.37,1.00
2016.02.05 14:03:51.392,2.0264,2.02669,1.00,1.00
2016.02.05 14:03:51.493,2.02642,2.02677,1.00,1.00
2016.02.05 14:03:51.900,2.02639,2.02674,1.12,1.00
2016.02.05 14:03:52.001,2.02632,2.02668,1.00,1.00
2016.02.05 14:03:52.052,2.02632,2.02666,1.00,1.00
2016.02.05 14:03:52.356,2.02632,2.02663,1.00,1.00
2016.02.05 14:03:52.953,2.02632,2.02659,1.00,1.00
2016.02.05 14:03:53.004,2.02628,2.02659,1.75,1.00
2016.02.05 14:03:53.055,2.02628,2.02658,1.00,1.00
2016.02.05 14:03:53.257,2.02628,2.02663,1.00,1.00
2016.02.05 14:03:53.746,2.02618,2.02662,1.00,1.00
2016.02.05 14:03:53.957,2.02616,2.02659,1.00,1.00
2016.02.05 14:03:54.631,2.02619,2.02659,1.00,1.00
2016.02.05 14:03:54.682,2.02622,2.02666,1.87,1.50
2016.02.05 14:03:54.733,2.02629,2.02666,1.00,1.50
2016.02.05 14:03:54.935,2.02626,2.02664,1.12,1.00
2016.02.05 14:03:55.037,2.02625,2.02669,1.87,1.00
2016.02.05 14:03:55.087,2.02627,2.0267,1.00,1.00
2016.02.05 14:03:55.409,2.0263,2.02672,1.00,1.00
2016.02.05 14:03:55.612,2.02625,2.02671,1.00,1.00
2016.02.05 14:03:55.662,2.02624,2.02666,1.00,2.25
2016.02.05 14:03:55.815,2.02622,2.02666,1.00,2.25
2016.02.05 14:03:56.193,2.02621,2.02666,1.00,1.87
2016.02.05 14:03:56.295,2.0262,2.02666,1.00,1.50
2016.02.05 14:03:56.497,2.02623,2.02669,1.00,1.50
2016.02.05 14:03:56.850,2.02627,2.02671,1.00,1.50
2016.02.05 14:03:57.434,2.02627,2.02666,1.00,1.00
2016.02.05 14:03:57.484,2.02624,2.02666,1.00,1.00
2016.02.05 14:03:57.535,2.02624,2.02664,1.00,1.00
2016.02.05 14:03:57.687,2.02621,2.02664,1.50,1.00
2016.02.05 14:03:57.902,2.02621,2.02666,1.50,1.00
2016.02.05 14:03:58.409,2.02621,2.02667,1.00,1.12
2016.02.05 14:03:58.774,2.02621,2.02667,1.00,1.37
2016.02.05 14:03:59.077,2.02614,2.02658,1.00,1.00
2016.02.05 14:03:59.852,2.02617,2.02662,1.00,1.12
2016.02.05 14:03:59.903,2.02631,2.02666,1.00,1.00
2016.02.05 14:04:00.004,2.02634,2.02673,1.00,1.00
2016.02.05 14:04:00.106,2.02638,2.02679,1.00,1.00
2016.02.05 14:04:00.207,2.02638,2.02684,1.00,1.50
2016.02.05 14:04:00.308,2.02638,2.02684,1.00,1.87
2016.02.05 14:04:00.610,2.02638,2.02679,1.00,1.00
2016.02.05 14:04:01.064,2.02645,2.02686,1.00,1.37
2016.02.05 14:04:01.268,2.02661,2.02704,1.00,1.00
2016.02.05 14:04:01.320,2.02661,2.02704,1.37,1.00
2016.02.05 14:04:01.371,2.02657,2.02706,1.37,1.00
2016.02.05 14:04:01.422,2.02657,2.02705,1.87,1.00
2016.02.05 14:04:01.502,2.02657,2.02705,1.50,1.00
2016.02.05 14:04:01.661,2.02661,2.02705,1.00,1.50
2016.02.05 14:04:02.369,2.02663,2.02705,1.00,1.00
2016.02.05 14:04:02.852,2.02659,2.02703,1.00,1.00
2016.02.05 14:04:02.903,2.02659,2.02698,1.00,1.64
2016.02.05 14:04:03.005,2.0265,2.02694,1.50,2.25
2016.02.05 14:04:03.056,2.02647,2.02678,1.00,1.00
2016.02.05 14:04:03.106,2.02642,2.02678,1.00,1.37
2016.02.05 14:04:03.309,2.02638,2.02674,1.00,1.00
2016.02.05 14:04:03.425,2.02626,2.02676,1.12,1.37
2016.02.05 14:04:03.476,2.02627,2.02668,1.00,1.00
2016.02.05 14:04:03.930,2.02629,2.02671,1.00,1.00
2016.02.05 14:04:03.981,2.02631,2.02671,1.00,1.00
2016.02.05 14:04:04.133,2.02632,2.02675,1.00,1.00
2016.02.05 14:04:04.681,2.02631,2.02675,1.87,1.00
2016.02.05 14:04:04.732,2.02634,2.02675,1.00,1.00
2016.02.05 14:04:04.833,2.02634,2.02678,2.25,1.00
2016.02.05 14:04:04.884,2.02639,2.02674,1.00,1.00
2016.02.05 14:04:05.266,2.02642,2.0268,1.00,1.00
2016.02.05 14:04:05.368,2.02645,2.02681,1.00,1.12
2016.02.05 14:04:05.670,2.02644,2.02679,1.00,1.00
2016.02.05 14:04:05.790,2.0264,2.02677,1.00,1.00
2016.02.05 14:04:06.346,2.0264,2.02673,1.50,1.00
2016.02.05 14:04:06.886,2.02639,2.02674,1.00,1.00
2016.02.05 14:04:06.987,2.0264,2.02677,1.00,1.00
2016.02.05 14:04:07.038,2.0264,2.02677,1.00,1.37
2016.02.05 14:04:07.291,2.02632,2.02669,1.00,1.00
2016.02.05 14:04:07.342,2.02632,2.02666,1.00,1.00
2016.02.05 14:04:07.684,2.02634,2.02671,1.50,1.00
2016.02.05 14:04:07.735,2.02636,2.02671,1.00,1.00
2016.02.05 14:04:08.040,2.02634,2.02668,1.00,1.00
2016.02.05 14:04:09.245,2.02636,2.02668,1.00,1.00
2016.02.05 14:04:09.555,2.02652,2.02679,1.75,1.00
2016.02.05 14:04:09.656,2.02649,2.02679,1.00,1.00
2016.02.05 14:04:09.959,2.02649,2.02677,1.00,1.00
2016.02.05 14:04:10.243,2.02649,2.02684,1.00,1.00
2016.02.05 14:04:10.294,2.02649,2.02686,1.00,1.00
2016.02.05 14:04:11.330,2.02653,2.02686,1.00,1.00
2016.02.05 14:04:11.380,2.02653,2.02688,1.00,1.12
2016.02.05 14:04:12.188,2.02653,2.02686,1.00,1.00
2016.02.05 14:04:12.364,2.02649,2.02687,1.00,1.50
2016.02.05 14:04:14.369,2.02653,2.02691,1.00,1.75
2016.02.05 14:04:14.471,2.02653,2.02691,1.12,1.00
2016.02.05 14:04:14.590,2.02655,2.02691,1.00,1.00
2016.02.05 14:04:14.893,2.02658,2.02693,1.00,1.12
2016.02.05 14:04:15.590,2.02658,2.02685,1.00,1.00
2016.02.05 14:04:16.045,2.02658,2.02682,1.00,1.00
2016.02.05 14:04:16.197,2.02651,2.02682,1.50,1.00
2016.02.05 14:04:17.174,2.02656,2.02682,1.00,1.00
2016.02.05 14:04:17.225,2.02656,2.02684,1.50,1.00
2016.02.05 14:04:17.326,2.02659,2.02684,1.00,1.00
2016.02.05 14:04:17.377,2.02659,2.02695,1.00,1.00
2016.02.05 14:04:17.428,2.02666,2.02695,1.50,1.00
2016.02.05 14:04:17.529,2.02666,2.027,1.50,1.00
2016.02.05 14:04:17.580,2.02669,2.02706,1.00,1.00
2016.02.05 14:04:17.631,2.02673,2.02706,1.00,1.00
2016.02.05 14:04:17.733,2.02673,2.02708,1.00,1.00
2016.02.05 14:04:17.871,2.02672,2.0271,2.25,1.00
2016.02.05 14:04:17.922,2.02681,2.0271,1.00,1.00
2016.02.05 14:04:18.074,2.02686,2.02716,1.00,1.00
2016.02.05 14:04:18.327,2.02686,2.02719,1.50,1.00
2016.02.05 14:04:18.378,2.02686,2.02727,1.50,1.00
2016.02.05 14:04:18.429,2.02686,2.02724,1.50,1.00
2016.02.05 14:04:18.772,2.02694,2.0272,1.00,1.00
2016.02.05 14:04:18.874,2.02694,2.02726,1.00,1.50
2016.02.05 14:04:19.026,2.02694,2.02731,1.00,1.00
2016.02.05 14:04:19.127,2.02693,2.02734,1.00,1.00
2016.02.05 14:04:19.304,2.02699,2.02736,1.00,1.00
2016.02.05 14:04:19.607,2.02717,2.02741,1.00,1.00
2016.02.05 14:04:19.759,2.02717,2.02753,1.37,1.00
2016.02.05 14:04:19.810,2.02723,2.02757,1.37,1.00
2016.02.05 14:04:19.861,2.02723,2.02761,1.75,1.00
2016.02.05 14:04:20.116,2.0273,2.02764,1.12,1.00
2016.02.05 14:04:20.421,2.02731,2.02762,1.12,1.00
2016.02.05 14:04:20.522,2.02734,2.02772,1.00,1.00
2016.02.05 14:04:20.573,2.02746,2.02772,1.00,1.00
2016.02.05 14:04:20.693,2.02746,2.02777,1.00,1.00
2016.02.05 14:04:20.744,2.02756,2.02793,1.00,1.00
2016.02.05 14:04:20.846,2.02765,2.02793,1.00,1.00
2016.02.05 14:04:20.998,2.02764,2.02805,1.00,1.50
2016.02.05 14:04:21.150,2.02761,2.02805,1.12,1.00
2016.02.05 14:04:21.252,2.0276,2.02805,1.00,1.87
2016.02.05 14:04:21.377,2.02755,2.02799,1.00,1.00
2016.02.05 14:04:21.528,2.02751,2.02795,1.00,1.37
2016.02.05 14:04:21.832,2.02737,2.02764,1.00,1.37
2016.02.05 14:04:22.182,2.02732,2.02741,1.00,1.00
2016.02.05 14:04:22.284,2.02732,2.02745,1.00,1.50
2016.02.05 14:04:22.335,2.0273,2.02745,1.00,1.50
2016.02.05 14:04:22.436,2.02729,2.02745,1.00,1.50
2016.02.05 14:04:22.537,2.02729,2.02743,1.00,1.00
2016.02.05 14:04:22.639,2.0273,2.02747,1.00,1.00
2016.02.05 14:04:22.741,2.02729,2.02751,1.00,1.00
2016.02.05 14:04:22.792,2.02732,2.02755,1.00,1.50
2016.02.05 14:04:22.843,2.02732,2.02746,1.00,1.50
2016.02.05 14:04:22.915,2.02722,2.02746,1.00,1.50
2016.02.05 14:04:22.966,2.02721,2.02737,1.00,1.00
2016.02.05 14:04:23.295,2.02719,2.02735,1.00,1.00
2016.02.05 14:04:23.648,2.02712,2.02735,1.00,1.50
2016.02.05 14:04:23.812,2.02712,2.02731,1.00,1.00
2016.02.05 14:04:23.868,2.02713,2.02747,1.00,1.00
2016.02.05 14:04:23.970,2.02709,2.02747,1.00,1.12
2016.02.05 14:04:24.021,2.02712,2.02747,1.00,1.12
2016.02.05 14:04:24.072,2.02715,2.02754,1.00,1.87
2016.02.05 14:04:24.123,2.02712,2.02754,1.00,1.87
2016.02.05 14:04:24.225,2.02709,2.02753,1.00,1.87
2016.02.05 14:04:24.276,2.02709,2.02742,1.00,1.00
2016.02.05 14:04:24.428,2.027,2.02741,1.00,1.37
2016.02.05 14:04:24.523,2.02702,2.02734,1.00,1.00
2016.02.05 14:04:24.626,2.02699,2.02734,1.00,1.00
2016.02.05 14:04:24.930,2.02694,2.02734,1.00,1.00
2016.02.05 14:04:24.981,2.02696,2.02734,1.00,1.00
2016.02.05 14:04:25.031,2.02697,2.02739,1.00,1.50
2016.02.05 14:04:25.082,2.02695,2.02739,1.00,1.50
2016.02.05 14:04:25.325,2.02696,2.02735,1.00,1.00
2016.02.05 14:04:25.376,2.02696,2.02738,1.00,1.00
2016.02.05 14:04:25.426,2.02701,2.02738,1.00,1.00
2016.02.05 14:04:25.528,2.02697,2.02738,1.00,1.00
2016.02.05 14:04:25.578,2.02698,2.02712,1.00,1.12
2016.02.05 14:04:25.629,2.02692,2.02712,1.00,1.12
2016.02.05 14:04:25.680,2.02688,2.02709,1.00,1.12
2016.02.05 14:04:25.731,2.02675,2.02709,1.00,1.12
2016.02.05 14:04:25.782,2.02665,2.02711,1.00,1.00
2016.02.05 14:04:25.883,2.02685,2.02712,1.00,1.50
2016.02.05 14:04:26.056,2.0269,2.02719,1.00,1.00
2016.02.05 14:04:26.107,2.0269,2.02719,1.37,1.00
2016.02.05 14:04:26.159,2.02696,2.02738,1.75,1.37
2016.02.05 14:04:26.261,2.02688,2.02734,1.00,1.87
2016.02.05 14:04:26.363,2.02688,2.02727,1.00,1.00
2016.02.05 14:04:26.666,2.02698,2.02727,1.00,1.00
2016.02.05 14:04:26.717,2.02698,2.02732,1.00,1.00
2016.02.05 14:04:26.842,2.02703,2.02746,1.00,1.00
2016.02.05 14:04:26.893,2.02706,2.02752,1.12,1.00
2016.02.05 14:04:27.045,2.02706,2.02748,1.00,1.00
2016.02.05 14:04:27.348,2.02708,2.02748,1.00,1.00
2016.02.05 14:04:27.399,2.02706,2.02748,1.00,1.00
2016.02.05 14:04:27.551,2.02704,2.02747,1.00,1.00
2016.02.05 14:04:27.686,2.02704,2.02743,1.00,1.00
2016.02.05 14:04:27.737,2.02699,2.02743,1.00,1.00
2016.02.05 14:04:27.839,2.02695,2.02736,1.00,1.00
2016.02.05 14:04:27.941,2.02691,2.02735,2.62,1.00
2016.02.05 14:04:28.144,2.02694,2.02737,1.00,1.00
2016.02.05 14:04:28.463,2.0269,2.02723,1.00,1.00
2016.02.05 14:04:28.666,2.02679,2.02722,1.00,1.00
2016.02.05 14:04:28.767,2.02682,2.02723,1.00,1.00
2016.02.05 14:04:28.868,2.02677,2.0272,1.00,1.50
2016.02.05 14:04:28.919,2.02682,2.02717,1.00,1.00
2016.02.05 14:04:29.020,2.02682,2.0272,1.00,1.00
2016.02.05 14:04:29.148,2.02676,2.02717,1.50,1.00
2016.02.05 14:04:29.301,2.02677,2.0272,1.00,1.50
2016.02.05 14:04:29.352,2.02683,2.0272,1.00,1.00
2016.02.05 14:04:29.403,2.0268,2.0272,1.00,1.00
2016.02.05 14:04:29.454,2.0268,2.02712,1.00,1.00
2016.02.05 14:04:29.656,2.02677,2.02712,1.00,1.00
2016.02.05 14:04:29.970,2.02677,2.02709,1.00,1.00
2016.02.05 14:04:30.273,2.02685,2.02715,1.00,1.50
2016.02.05 14:04:30.576,2.0269,2.02712,1.00,1.00
2016.02.05 14:04:30.867,2.0269,2.02714,1.00,1.00
2016.02.05 14:04:30.969,2.02689,2.02712,1.00,1.00
2016.02.05 14:04:31.070,2.02684,2.0271,1.00,1.00
2016.02.05 14:04:31.222,2.02687,2.0271,1.00,1.00
2016.02.05 14:04:31.273,2.02685,2.0271,1.00,1.00
2016.02.05 14:04:31.375,2.02682,2.0271,1.00,1.00
2016.02.05 14:04:31.507,2.02678,2.02704,1.00,1.00
2016.02.05 14:04:31.760,2.02678,2.02706,1.00,1.00
2016.02.05 14:04:31.811,2.02682,2.02706,1.00,1.00
2016.02.05 14:04:31.861,2.02682,2.02712,1.00,1.00
2016.02.05 14:04:31.963,2.02677,2.02712,1.00,1.00
2016.02.05 14:04:32.131,2.02672,2.0271,1.00,1.00
2016.02.05 14:04:32.182,2.02674,2.02713,1.00,1.00
2016.02.05 14:04:32.233,2.02677,2.02713,1.00,1.00
2016.02.05 14:04:32.385,2.0268,2.02721,1.00,1.00
2016.02.05 14:04:32.436,2.02681,2.02721,1.00,1.37
2016.02.05 14:04:32.640,2.02678,2.02718,1.00,1.00
2016.02.05 14:04:32.741,2.02678,2.0272,1.00,1.00
2016.02.05 14:04:32.865,2.02678,2.02722,1.00,1.50
2016.02.05 14:04:33.017,2.02677,2.0272,1.00,1.00
2016.02.05 14:04:33.320,2.02677,2.02718,1.00,1.00
2016.02.05 14:04:33.371,2.02677,2.0272,1.00,1.00
2016.02.05 14:04:33.690,2.02681,2.0272,1.00,1.00
2016.02.05 14:04:33.995,2.02682,2.02718,1.00,1.00
2016.02.05 14:04:34.097,2.02679,2.0272,1.00,1.00
2016.02.05 14:04:34.250,2.02681,2.0272,1.00,1.00
2016.02.05 14:04:34.569,2.02685,2.0272,1.50,1.00
2016.02.05 14:04:34.874,2.02683,2.02718,1.50,1.00
2016.02.05 14:04:35.341,2.02682,2.02715,1.00,1.00
2016.02.05 14:04:35.392,2.02679,2.02715,1.00,1.00
2016.02.05 14:04:35.443,2.02678,2.02713,1.50,1.00
2016.02.05 14:04:35.595,2.02675,2.02713,1.00,1.00
2016.02.05 14:04:35.696,2.02679,2.02713,1.00,1.00
2016.02.05 14:04:35.849,2.02682,2.02718,1.00,1.00
2016.02.05 14:04:35.950,2.0268,2.02718,1.00,1.00
2016.02.05 14:04:36.001,2.02684,2.02718,1.00,1.00
2016.02.05 14:04:36.245,2.02682,2.02717,1.00,1.00
2016.02.05 14:04:36.498,2.02684,2.02717,1.00,1.00
2016.02.05 14:04:36.549,2.02684,2.02721,1.00,1.00
2016.02.05 14:04:36.700,2.02688,2.02721,1.00,1.00
2016.02.05 14:04:37.008,2.02693,2.02721,1.00,1.00
2016.02.05 14:04:37.059,2.02693,2.02724,1.00,1.00
2016.02.05 14:04:37.110,2.02691,2.02724,1.00,1.00
2016.02.05 14:04:37.212,2.02691,2.02728,1.00,1.00
2016.02.05 14:04:37.263,2.02691,2.02725,1.00,1.00
2016.02.05 14:04:37.364,2.02695,2.0273,1.00,1.00
2016.02.05 14:04:37.465,2.02702,2.0273,1.00,1.00
2016.02.05 14:04:37.566,2.02704,2.02739,1.50,1.00
2016.02.05 14:04:37.682,2.02709,2.02739,1.00,1.00
2016.02.05 14:04:37.940,2.02713,2.02744,1.00,1.00
2016.02.05 14:04:38.042,2.02707,2.02744,1.00,1.00
2016.02.05 14:04:38.295,2.02705,2.02744,1.00,1.00
2016.02.05 14:04:38.405,2.02705,2.02739,1.00,1.00
2016.02.05 14:04:38.456,2.027,2.02739,1.00,1.00
2016.02.05 14:04:38.507,2.02697,2.02739,1.50,1.00
2016.02.05 14:04:38.709,2.02699,2.02739,1.00,1.00
2016.02.05 14:04:39.012,2.02712,2.02747,1.50,1.00
2016.02.05 14:04:39.328,2.02724,2.02754,1.75,1.00
2016.02.05 14:04:39.429,2.02725,2.02754,1.37,1.00
2016.02.05 14:04:39.480,2.0272,2.02751,1.00,1.00
2016.02.05 14:04:39.531,2.0272,2.02747,1.00,1.00
2016.02.05 14:04:39.892,2.02719,2.02738,1.50,1.00
2016.02.05 14:04:40.199,2.02723,2.02739,1.00,1.00
2016.02.05 14:04:40.251,2.02719,2.0274,1.12,1.00
2016.02.05 14:04:40.302,2.02719,2.02744,1.12,1.00
2016.02.05 14:04:40.353,2.02725,2.02744,1.00,1.00
2016.02.05 14:04:40.685,2.02729,2.02744,1.00,1.00
2016.02.05 14:04:40.989,2.02729,2.02737,1.00,1.00
2016.02.05 14:04:41.040,2.02718,2.02733,1.00,1.00
2016.02.05 14:04:41.091,2.02713,2.02733,1.00,1.00
2016.02.05 14:04:41.142,2.02704,2.02733,2.25,1.00
2016.02.05 14:04:41.194,2.02704,2.02738,2.25,1.00
2016.02.05 14:04:41.321,2.02705,2.02742,1.12,1.00
2016.02.05 14:04:41.372,2.02713,2.02746,1.00,1.00
2016.02.05 14:04:41.677,2.02721,2.02751,2.25,1.00
2016.02.05 14:04:41.981,2.02729,2.02757,1.00,1.00
2016.02.05 14:04:42.216,2.02719,2.02755,1.00,1.00
2016.02.05 14:04:42.441,2.02714,2.02755,1.00,1.00
2016.02.05 14:04:42.593,2.02718,2.02755,1.00,1.00
2016.02.05 14:04:42.943,2.02726,2.02766,1.75,1.00
2016.02.05 14:04:42.994,2.02735,2.02766,1.00,1.00
2016.02.05 14:04:43.297,2.02741,2.02772,1.75,1.00
2016.02.05 14:04:43.348,2.02741,2.02772,1.37,1.00
2016.02.05 14:04:43.399,2.02741,2.02772,1.00,1.00
2016.02.05 14:04:43.450,2.02741,2.02767,1.37,1.00
2016.02.05 14:04:43.788,2.02756,2.02774,1.50,1.00
2016.02.05 14:04:44.113,2.02758,2.02775,1.12,1.00
2016.02.05 14:04:44.467,2.02753,2.02774,1.37,1.00
2016.02.05 14:04:44.519,2.02753,2.02774,1.00,1.00
2016.02.05 14:04:44.570,2.0275,2.02774,1.00,1.00
2016.02.05 14:04:44.671,2.02744,2.02778,1.87,1.00
2016.02.05 14:04:44.793,2.02745,2.02778,1.00,1.00
2016.02.05 14:04:44.945,2.02744,2.02777,2.25,1.00
2016.02.05 14:04:44.996,2.02749,2.02779,1.12,1.00
2016.02.05 14:04:45.046,2.02769,2.02789,1.50,1.00
2016.02.05 14:04:45.097,2.02769,2.02803,1.50,1.75
2016.02.05 14:04:45.148,2.02783,2.02809,1.50,1.87
2016.02.05 14:04:45.199,2.02789,2.02827,1.00,1.75
2016.02.05 14:04:45.250,2.0279,2.02832,1.37,1.37
2016.02.05 14:04:45.302,2.0279,2.02834,1.75,1.00
2016.02.05 14:04:45.352,2.0279,2.02834,1.37,1.37
2016.02.05 14:04:45.485,2.02798,2.02834,1.00,1.00
2016.02.05 14:04:45.536,2.02799,2.02842,1.00,1.75
2016.02.05 14:04:45.637,2.02803,2.02847,1.00,1.87
2016.02.05 14:04:45.688,2.02803,2.02845,1.50,1.00
2016.02.05 14:04:45.893,2.02804,2.02844,1.87,1.00
2016.02.05 14:04:45.945,2.02809,2.02851,1.87,1.12
2016.02.05 14:04:46.507,2.02809,2.02847,1.12,1.00
2016.02.05 14:04:46.709,2.02809,2.02851,1.12,1.12
2016.02.05 14:04:46.933,2.02805,2.02847,2.25,1.50
2016.02.05 14:04:47.136,2.02809,2.0285,1.12,1.00
2016.02.05 14:04:47.440,2.02814,2.0285,1.00,1.00
2016.02.05 14:04:47.766,2.02791,2.02828,1.00,1.00
2016.02.05 14:04:47.817,2.02795,2.02828,1.00,1.00
2016.02.05 14:04:48.020,2.028,2.02841,1.00,1.00
2016.02.05 14:04:48.171,2.028,2.02838,1.00,1.00
2016.02.05 14:04:48.407,2.0281,2.02853,1.00,1.00
2016.02.05 14:04:48.458,2.02808,2.02853,1.00,1.00
2016.02.05 14:04:48.509,2.02811,2.02854,1.00,1.00
2016.02.05 14:04:48.610,2.02809,2.02854,1.00,1.50
2016.02.05 14:04:48.711,2.02811,2.02853,1.00,1.00
2016.02.05 14:04:48.915,2.02809,2.02853,1.00,1.00
2016.02.05 14:04:48.966,2.02809,2.02853,1.00,1.87
2016.02.05 14:04:49.290,2.02813,2.02853,1.00,1.75
2016.02.05 14:04:49.593,2.02806,2.02841,1.00,1.75
2016.02.05 14:04:49.644,2.02799,2.02841,1.00,1.75
2016.02.05 14:04:49.775,2.02796,2.02839,1.12,2.25
2016.02.05 14:04:49.826,2.02796,2.02835,1.12,1.00
2016.02.05 14:04:49.928,2.02791,2.02833,1.00,1.00
2016.02.05 14:04:50.080,2.02785,2.02832,1.50,1.37
2016.02.05 14:04:50.131,2.02788,2.0283,1.00,1.75
2016.02.05 14:04:50.232,2.02784,2.02832,1.50,1.75
2016.02.05 14:04:50.283,2.02784,2.0282,1.50,1.00
2016.02.05 14:04:50.722,2.02778,2.0282,2.25,1.87
2016.02.05 14:04:50.773,2.02778,2.02814,1.75,1.00
2016.02.05 14:04:50.825,2.02776,2.02814,1.00,1.12
2016.02.05 14:04:50.927,2.02778,2.02814,1.00,2.25
2016.02.05 14:04:51.028,2.02779,2.02814,1.00,2.25
2016.02.05 14:04:51.254,2.02777,2.0281,1.00,1.00
2016.02.05 14:04:51.457,2.02767,2.02811,1.50,1.75
2016.02.05 14:04:51.507,2.02767,2.02811,1.87,1.37
2016.02.05 14:04:51.559,2.02771,2.02811,1.75,1.00
2016.02.05 14:04:51.609,2.02771,2.02808,1.37,1.00
2016.02.05 14:04:51.661,2.02765,2.02806,1.75,1.00
2016.02.05 14:04:52.059,2.02763,2.02802,1.75,1.00
2016.02.05 14:04:52.161,2.02754,2.02801,1.75,2.62
2016.02.05 14:04:52.212,2.02748,2.0279,1.87,1.00
2016.02.05 14:04:52.516,2.02755,2.02768,1.00,1.00
2016.02.05 14:04:52.704,2.02732,2.02769,1.00,1.00
2016.02.05 14:04:52.957,2.02761,2.02771,1.00,1.00
2016.02.05 14:04:53.008,2.02732,2.02769,1.00,1.00
2016.02.05 14:04:53.059,2.02734,2.0277,1.12,1.00
2016.02.05 14:04:53.161,2.02734,2.02776,1.87,1.00
2016.02.05 14:04:53.262,2.02739,2.02778,1.00,1.00
2016.02.05 14:04:53.314,2.02769,2.02778,1.00,1.00
2016.02.05 14:04:53.443,2.02766,2.02782,1.00,1.00
2016.02.05 14:04:53.494,2.02742,2.02787,1.00,1.00
2016.02.05 14:04:53.646,2.02742,2.02785,1.00,1.00
2016.02.05 14:04:53.950,2.02748,2.02776,1.00,1.00
2016.02.05 14:04:54.001,2.02748,2.02786,1.00,1.00
2016.02.05 14:04:54.172,2.02747,2.02788,1.00,1.00
2016.02.05 14:04:54.274,2.02751,2.02788,1.00,1.00
2016.02.05 14:04:54.376,2.02748,2.02793,1.00,1.00
2016.02.05 14:04:54.579,2.02755,2.02793,1.00,1.00
2016.02.05 14:04:54.680,2.02748,2.02793,1.50,1.00
2016.02.05 14:04:54.731,2.02754,2.02793,1.00,1.00
2016.02.05 14:04:55.083,2.02774,2.02789,1.00,1.00
2016.02.05 14:04:55.134,2.02752,2.02788,1.00,1.00
2016.02.05 14:04:55.589,2.02751,2.02786,1.00,1.00
2016.02.05 14:04:55.691,2.02752,2.02794,1.00,1.00
2016.02.05 14:04:55.889,2.02779,2.02797,1.00,1.00
2016.02.05 14:04:55.990,2.02779,2.02803,1.00,1.50
2016.02.05 14:04:56.041,2.02778,2.02803,1.00,1.50
2016.02.05 14:04:56.092,2.02773,2.02803,1.00,1.50
2016.02.05 14:04:56.193,2.02777,2.02803,1.00,1.50
2016.02.05 14:04:56.496,2.02779,2.02803,1.00,1.00
2016.02.05 14:04:56.547,2.02777,2.02803,1.00,1.00
2016.02.05 14:04:56.770,2.02781,2.02802,1.00,1.00
2016.02.05 14:04:57.023,2.0278,2.02814,1.00,1.00
2016.02.05 14:04:57.074,2.02791,2.02824,1.00,1.00
2016.02.05 14:04:57.125,2.02778,2.02824,1.00,1.00
2016.02.05 14:04:57.176,2.02797,2.02825,1.00,1.00
2016.02.05 14:04:57.379,2.02797,2.02827,1.00,1.00
2016.02.05 14:04:57.505,2.02801,2.02843,1.00,2.02
2016.02.05 14:04:57.556,2.02802,2.02845,1.50,1.50
2016.02.05 14:04:57.607,2.02809,2.02846,1.00,1.12
2016.02.05 14:04:57.709,2.02806,2.02849,1.00,1.37
2016.02.05 14:04:57.811,2.02809,2.02849,1.00,1.37
2016.02.05 14:04:57.913,2.0281,2.02848,1.00,1.00
2016.02.05 14:04:57.964,2.02812,2.02853,1.00,1.00
2016.02.05 14:04:58.015,2.02814,2.02858,1.00,1.00
2016.02.05 14:04:58.195,2.02818,2.02849,1.00,1.00
2016.02.05 14:04:58.398,2.02818,2.02857,1.00,1.00
2016.02.05 14:04:58.601,2.02821,2.02859,1.00,1.00
2016.02.05 14:04:58.803,2.02801,2.02845,1.00,1.12
2016.02.05 14:04:59.031,2.02801,2.02846,1.00,1.37
2016.02.05 14:04:59.385,2.028,2.02845,1.00,1.00
2016.02.05 14:04:59.436,2.02802,2.02845,1.00,1.00
2016.02.05 14:04:59.761,2.02803,2.0285,1.00,1.00
2016.02.05 14:04:59.812,2.02814,2.0285,1.00,1.00
2016.02.05 14:05:00.115,2.02817,2.02845,1.00,1.00
2016.02.05 14:05:00.418,2.02816,2.02842,1.00,1.00
2016.02.05 14:05:00.519,2.02812,2.02842,1.75,1.00
2016.02.05 14:05:00.620,2.02811,2.02836,1.75,1.00
2016.02.05 14:05:00.672,2.02811,2.0284,1.75,1.00
2016.02.05 14:05:00.874,2.02831,2.0284,1.00,1.00
2016.02.05 14:05:00.925,2.02841,2.02856,1.00,1.00
2016.02.05 14:05:00.976,2.02842,2.02862,1.75,1.37
2016.02.05 14:05:01.129,2.02866,2.02893,1.00,1.00
2016.02.05 14:05:01.230,2.02867,2.02899,1.00,1.00
2016.02.05 14:05:01.281,2.02867,2.02904,1.50,1.00
2016.02.05 14:05:01.401,2.02864,2.02895,1.75,1.00
2016.02.05 14:05:01.453,2.02856,2.02895,1.00,1.00
2016.02.05 14:05:01.504,2.02856,2.029,1.00,1.00
2016.02.05 14:05:01.555,2.02851,2.02898,1.00,1.50
2016.02.05 14:05:01.656,2.02849,2.02894,1.00,1.00
2016.02.05 14:05:01.758,2.02843,2.02892,1.00,1.00
2016.02.05 14:05:01.809,2.02843,2.0289,1.00,1.00
2016.02.05 14:05:01.860,2.02841,2.0289,1.50,1.00
2016.02.05 14:05:02.117,2.02843,2.02891,1.00,1.50
2016.02.05 14:05:02.444,2.02847,2.0289,1.00,1.50
2016.02.05 14:05:02.646,2.02855,2.02899,1.00,1.00
2016.02.05 14:05:03.118,2.02854,2.02901,1.50,1.50
2016.02.05 14:05:03.320,2.02854,2.02904,2.25,1.50
2016.02.05 14:05:03.421,2.02857,2.02905,1.00,1.50
2016.02.05 14:05:03.770,2.02848,2.02889,1.00,1.00
2016.02.05 14:05:03.922,2.02852,2.02897,1.00,1.00
2016.02.05 14:05:03.973,2.02856,2.02897,1.50,1.00
2016.02.05 14:05:04.124,2.02856,2.029,1.87,1.00
2016.02.05 14:05:04.175,2.02859,2.029,1.00,1.00
2016.02.05 14:05:04.226,2.02863,2.02905,1.00,1.00
2016.02.05 14:05:04.328,2.02863,2.02908,1.00,1.50
2016.02.05 14:05:04.429,2.02863,2.02904,1.00,1.00
2016.02.05 14:05:04.614,2.02871,2.02913,1.00,1.00
2016.02.05 14:05:04.666,2.02873,2.02916,1.00,1.52
2016.02.05 14:05:04.819,2.0286,2.02898,1.00,1.00
2016.02.05 14:05:04.870,2.02863,2.02909,1.00,2.25
2016.02.05 14:05:04.971,2.02865,2.02905,1.00,1.00
2016.02.05 14:05:05.173,2.02863,2.02906,1.00,1.00
2016.02.05 14:05:05.636,2.02863,2.02909,1.00,1.50
2016.02.05 14:05:06.097,2.0286,2.02907,1.00,1.00
2016.02.05 14:05:06.215,2.02857,2.02906,1.00,1.00
2016.02.05 14:05:06.266,2.0286,2.02907,1.00,1.37
2016.02.05 14:05:06.418,2.02851,2.02897,1.50,1.00
2016.02.05 14:05:06.519,2.02848,2.02895,1.00,1.00
2016.02.05 14:05:06.620,2.02848,2.02897,1.37,1.00
2016.02.05 14:05:06.671,2.0286,2.02893,1.00,1.00
2016.02.05 14:05:06.772,2.0286,2.02898,1.50,1.00
2016.02.05 14:05:06.899,2.02863,2.02897,1.00,1.00
2016.02.05 14:05:06.950,2.02861,2.029,1.00,1.50
2016.02.05 14:05:07.152,2.02867,2.02897,1.00,1.00
2016.02.05 14:05:07.254,2.02868,2.02901,1.00,1.75
2016.02.05 14:05:07.305,2.02869,2.02913,1.00,1.75
2016.02.05 14:05:07.406,2.02867,2.02907,1.12,1.12
2016.02.05 14:05:07.507,2.02871,2.02907,1.00,1.12
2016.02.05 14:05:07.755,2.02866,2.02907,1.50,1.12
2016.02.05 14:05:08.210,2.02866,2.0289,1.50,1.00
2016.02.05 14:05:08.311,2.02868,2.02907,1.00,1.12
2016.02.05 14:05:08.362,2.02864,2.02889,1.75,1.00
2016.02.05 14:05:08.707,2.02864,2.02886,1.00,1.00
2016.02.05 14:05:08.758,2.02864,2.02903,1.00,1.75
2016.02.05 14:05:08.809,2.0286,2.02898,1.00,1.75
2016.02.05 14:05:09.113,2.02863,2.02898,1.00,1.75
2016.02.05 14:05:09.266,2.02858,2.02898,1.12,1.75
2016.02.05 14:05:09.439,2.02858,2.02898,1.37,1.75
2016.02.05 14:05:09.743,2.02863,2.02898,1.00,1.75
2016.02.05 14:05:10.268,2.02857,2.02898,1.37,1.75
2016.02.05 14:05:10.319,2.02857,2.02892,1.00,1.00
2016.02.05 14:05:10.421,2.02857,2.02891,1.37,1.00
2016.02.05 14:05:10.724,2.02863,2.0289,1.00,1.00
2016.02.05 14:05:10.826,2.02863,2.02897,1.00,1.00
2016.02.05 14:05:10.964,2.02863,2.02891,1.00,1.00
2016.02.05 14:05:11.015,2.02851,2.02883,1.00,1.00
2016.02.05 14:05:11.167,2.02853,2.02883,1.00,1.00
2016.02.05 14:05:11.218,2.02857,2.02898,1.00,2.25
2016.02.05 14:05:11.269,2.0286,2.02901,1.00,1.75
2016.02.05 14:05:11.320,2.0286,2.02901,1.00,1.75
2016.02.05 14:05:11.371,2.02863,2.029,1.00,1.75
2016.02.05 14:05:11.675,2.02857,2.02899,1.00,1.75
2016.02.05 14:05:11.726,2.02854,2.02895,1.50,1.00
2016.02.05 14:05:12.050,2.02849,2.02884,1.00,1.00
2016.02.05 14:05:12.353,2.02878,2.029,1.37,1.00
2016.02.05 14:05:12.404,2.02878,2.02903,1.37,1.00
2016.02.05 14:05:12.505,2.02883,2.02916,1.00,1.00
2016.02.05 14:05:12.692,2.0288,2.02914,1.12,1.00
2016.02.05 14:05:12.844,2.0288,2.0291,1.00,1.00
2016.02.05 14:05:12.895,2.02876,2.0291,1.00,1.75
2016.02.05 14:05:12.997,2.02876,2.0291,1.00,1.00
2016.02.05 14:05:13.099,2.02876,2.02909,1.00,1.75
2016.02.05 14:05:13.250,2.02873,2.02908,1.00,1.50
2016.02.05 14:05:13.578,2.02869,2.02908,1.00,1.50
2016.02.05 14:05:13.780,2.02866,2.02907,2.25,1.12
2016.02.05 14:05:13.881,2.02866,2.02903,1.50,1.00
2016.02.05 14:05:14.033,2.0286,2.029,1.50,1.00
2016.02.05 14:05:14.134,2.02853,2.02896,2.25,1.00
2016.02.05 14:05:14.235,2.02855,2.02887,1.12,1.00
2016.02.05 14:05:14.425,2.0286,2.02899,1.87,1.75
2016.02.05 14:05:14.527,2.02863,2.02906,1.12,2.25
2016.02.05 14:05:14.679,2.02866,2.02901,1.00,1.00
2016.02.05 14:05:15.206,2.02866,2.02903,1.00,1.37
2016.02.05 14:05:15.560,2.02864,2.02903,1.00,1.37
2016.02.05 14:05:15.763,2.02867,2.02903,1.00,1.37
2016.02.05 14:05:16.143,2.02867,2.02907,1.12,1.12
2016.02.05 14:05:16.547,2.0287,2.02907,1.00,1.12
2016.02.05 14:05:17.063,2.02876,2.0291,1.00,1.75
2016.02.05 14:05:17.214,2.02873,2.0291,1.00,1.00
2016.02.05 14:05:17.265,2.02874,2.0291,1.37,1.00
2016.02.05 14:05:17.316,2.02874,2.02914,1.37,1.12
2016.02.05 14:05:17.367,2.02894,2.02914,1.00,1.12
2016.02.05 14:05:17.693,2.02912,2.02957,1.50,2.25
2016.02.05 14:05:18.046,2.02917,2.02956,1.00,1.75
2016.02.05 14:05:18.363,2.0293,2.02962,1.00,1.00
2016.02.05 14:05:18.496,2.02936,2.02983,1.75,1.75
2016.02.05 14:05:18.547,2.02936,2.02986,1.00,1.00
2016.02.05 14:05:18.649,2.02939,2.02988,3.01,1.00
2016.02.05 14:05:18.851,2.02953,2.02995,1.00,1.00
2016.02.05 14:05:18.952,2.02954,2.03,1.00,1.00
2016.02.05 14:05:19.080,2.02952,2.02998,1.37,1.00
2016.02.05 14:05:19.234,2.02939,2.02988,1.00,1.00
2016.02.05 14:05:19.285,2.02933,2.02977,1.00,1.00
2016.02.05 14:05:19.387,2.0293,2.02977,1.00,1.00
2016.02.05 14:05:19.439,2.0293,2.02965,1.00,1.00
2016.02.05 14:05:19.490,2.02927,2.02965,1.00,1.00
2016.02.05 14:05:19.542,2.02925,2.02963,1.00,1.00
2016.02.05 14:05:19.644,2.02929,2.02972,1.00,1.00
2016.02.05 14:05:19.733,2.02929,2.02946,1.00,1.00
2016.02.05 14:05:19.835,2.02928,2.02976,1.12,1.00
2016.02.05 14:05:19.886,2.02932,2.02976,1.00,1.00
2016.02.05 14:05:19.937,2.02932,2.02981,1.00,1.50
2016.02.05 14:05:19.988,2.02932,2.02981,1.37,1.50
2016.02.05 14:05:20.243,2.02938,2.02986,1.00,1.00
2016.02.05 14:05:20.294,2.02935,2.02986,1.00,1.50
2016.02.05 14:05:20.345,2.02933,2.02976,1.50,1.00
2016.02.05 14:05:20.676,2.02934,2.02976,1.00,1.75
2016.02.05 14:05:21.180,2.02939,2.02974,1.00,1.37
2016.02.05 14:05:21.513,2.02942,2.02964,1.00,1.00
2016.02.05 14:05:21.615,2.02942,2.02968,1.00,1.00
2016.02.05 14:05:21.817,2.02943,2.02982,1.00,1.00
2016.02.05 14:05:21.868,2.02945,2.02982,1.37,1.50
2016.02.05 14:05:22.150,2.02966,2.03008,1.50,1.00
2016.02.05 14:05:22.252,2.02968,2.03008,1.00,1.00
2016.02.05 14:05:22.556,2.02967,2.03004,1.00,1.00
2016.02.05 14:05:22.709,2.02967,2.03008,1.00,1.00
2016.02.05 14:05:23.227,2.02967,2.03009,1.37,2.62
2016.02.05 14:05:23.530,2.02966,2.02999,1.37,1.50
2016.02.05 14:05:23.581,2.02965,2.02999,1.37,1.50
2016.02.05 14:05:23.632,2.02965,2.02993,1.37,1.00
2016.02.05 14:05:23.758,2.02956,2.02993,1.37,1.00
2016.02.05 14:05:23.817,2.02954,2.02994,1.00,1.00
2016.02.05 14:05:23.868,2.02969,2.02985,1.00,1.00
2016.02.05 14:05:23.919,2.02969,2.02991,1.00,1.00
2016.02.05 14:05:23.970,2.02973,2.02991,1.00,1.00
2016.02.05 14:05:24.072,2.02981,2.03015,1.87,1.00
2016.02.05 14:05:24.122,2.02986,2.03015,1.00,1.37
2016.02.05 14:05:24.468,2.03009,2.03059,1.00,1.00
2016.02.05 14:05:24.569,2.03003,2.03053,1.37,1.00
2016.02.05 14:05:24.772,2.03016,2.03064,1.00,1.00
2016.02.05 14:05:24.823,2.03016,2.03064,1.00,1.37
2016.02.05 14:05:25.151,2.03023,2.03054,1.00,1.00
2016.02.05 14:05:25.202,2.03022,2.03059,1.00,1.37
2016.02.05 14:05:25.354,2.03022,2.03062,1.00,1.00
2016.02.05 14:05:25.456,2.03022,2.03064,1.00,1.00
2016.02.05 14:05:25.557,2.03022,2.03062,1.00,1.00
2016.02.05 14:05:25.608,2.03017,2.03062,1.00,1.00
2016.02.05 14:05:25.709,2.03016,2.03066,1.00,1.00
2016.02.05 14:05:25.810,2.03016,2.03058,1.00,1.00
2016.02.05 14:05:26.142,2.02997,2.03033,1.00,1.00
2016.02.05 14:05:26.445,2.03002,2.03021,1.00,1.00
2016.02.05 14:05:26.496,2.03002,2.03021,1.00,1.00
2016.02.05 14:05:26.599,2.02995,2.03021,1.12,1.00
2016.02.05 14:05:26.700,2.03002,2.03018,1.00,1.00
2016.02.05 14:05:26.751,2.03002,2.03044,1.00,1.00
2016.02.05 14:05:26.903,2.03002,2.03039,1.00,1.00
2016.02.05 14:05:27.005,2.02999,2.03039,1.00,1.50
2016.02.05 14:05:27.106,2.03001,2.03043,1.37,1.75
2016.02.05 14:05:27.157,2.03001,2.03043,1.87,1.50
2016.02.05 14:05:27.208,2.03022,2.03043,1.48,1.00
2016.02.05 14:05:27.259,2.03022,2.03054,1.48,1.75
2016.02.05 14:05:27.310,2.03045,2.03062,1.00,2.02
2016.02.05 14:05:27.430,2.03052,2.03096,1.12,1.75
2016.02.05 14:05:27.481,2.03061,2.03094,1.00,1.00
2016.02.05 14:05:27.583,2.03061,2.031,1.00,1.50
2016.02.05 14:05:27.735,2.03061,2.03098,1.00,1.00
2016.02.05 14:05:27.786,2.03059,2.03098,1.00,1.00
2016.02.05 14:05:28.149,2.03053,2.03103,1.37,1.00
2016.02.05 14:05:28.200,2.03053,2.03101,1.00,1.00
2016.02.05 14:05:28.351,2.03051,2.03099,1.00,1.00
2016.02.05 14:05:28.655,2.03057,2.03093,1.00,1.00
2016.02.05 14:05:29.001,2.03033,2.03053,1.00,1.50
2016.02.05 14:05:29.204,2.03026,2.03051,1.00,1.00
2016.02.05 14:05:29.255,2.03036,2.0306,1.00,1.37
2016.02.05 14:05:29.356,2.03027,2.03056,1.00,1.00
2016.02.05 14:05:29.457,2.03039,2.03057,1.00,1.00
2016.02.05 14:05:29.636,2.03008,2.03052,1.50,1.12
2016.02.05 14:05:29.687,2.03008,2.0305,1.00,1.00
2016.02.05 14:05:29.990,2.02995,2.0303,1.00,1.37
2016.02.05 14:05:30.092,2.02981,2.03024,1.00,1.00
2016.02.05 14:05:30.143,2.02982,2.03027,1.12,1.00
2016.02.05 14:05:30.194,2.02988,2.03028,1.00,1.00
2016.02.05 14:05:30.306,2.02988,2.03032,1.00,1.00
2016.02.05 14:05:30.358,2.03012,2.03033,1.00,1.00
2016.02.05 14:05:30.460,2.03008,2.03034,1.00,1.00
2016.02.05 14:05:30.511,2.02988,2.03034,1.00,1.00
2016.02.05 14:05:30.613,2.0299,2.03021,1.00,1.00
2016.02.05 14:05:30.714,2.02964,2.03016,1.87,1.00
2016.02.05 14:05:30.816,2.02964,2.03016,1.00,1.00
2016.02.05 14:05:30.918,2.02965,2.03009,1.00,1.00
2016.02.05 14:05:31.263,2.02952,2.02989,1.00,1.00
2016.02.05 14:05:31.314,2.02939,2.02989,1.00,1.00
2016.02.05 14:05:31.466,2.02936,2.02986,1.00,1.00
2016.02.05 14:05:31.769,2.02948,2.02994,1.00,1.00
2016.02.05 14:05:31.820,2.02946,2.02997,1.37,1.00
2016.02.05 14:05:31.952,2.02961,2.02997,1.00,1.00
2016.02.05 14:05:32.302,2.02965,2.02988,1.00,1.00
2016.02.05 14:05:32.636,2.02965,2.02983,1.00,1.00
2016.02.05 14:05:32.911,2.02965,2.02985,1.00,1.50
2016.02.05 14:05:33.013,2.02965,2.02988,1.00,1.00
2016.02.05 14:05:33.114,2.02962,2.02988,1.00,1.00
2016.02.05 14:05:33.266,2.02961,2.02989,1.00,2.62
2016.02.05 14:05:33.316,2.02958,2.02989,1.00,2.25
2016.02.05 14:05:33.408,2.02947,2.0298,1.00,1.37
2016.02.05 14:05:33.462,2.02954,2.02989,1.50,1.50
2016.02.05 14:05:33.513,2.02954,2.02987,1.00,1.00
2016.02.05 14:05:33.765,2.02955,2.0299,1.00,1.00
2016.02.05 14:05:33.816,2.02953,2.02992,1.00,1.00
2016.02.05 14:05:33.867,2.02954,2.02989,1.00,1.37
2016.02.05 14:05:34.044,2.02945,2.02981,1.00,1.00
2016.02.05 14:05:34.348,2.02945,2.02986,1.00,1.12
2016.02.05 14:05:34.399,2.0294,2.02986,1.00,1.12
2016.02.05 14:05:34.450,2.0294,2.02973,1.00,1.00
2016.02.05 14:05:34.501,2.02937,2.02973,1.00,1.00
2016.02.05 14:05:34.552,2.02937,2.0297,1.00,1.00
2016.02.05 14:05:34.646,2.02932,2.02969,1.00,1.00
2016.02.05 14:05:34.848,2.02932,2.02972,1.00,1.00
2016.02.05 14:05:35.222,2.02932,2.02968,1.00,1.00
2016.02.05 14:05:35.325,2.02929,2.02968,1.00,1.00
2016.02.05 14:05:35.426,2.02927,2.02968,1.00,1.00
2016.02.05 14:05:35.478,2.02923,2.02968,1.00,1.12
2016.02.05 14:05:35.530,2.02925,2.02968,1.00,1.12
2016.02.05 14:05:35.842,2.02928,2.02959,1.00,1.00
2016.02.05 14:05:35.894,2.02928,2.02968,1.00,1.00
2016.02.05 14:05:35.944,2.02933,2.02968,1.00,1.00
2016.02.05 14:05:36.013,2.02929,2.02968,1.00,1.50
2016.02.05 14:05:36.202,2.02931,2.02968,1.00,1.00
2016.02.05 14:05:36.507,2.02939,2.02971,1.00,1.00
2016.02.05 14:05:36.558,2.02939,2.02978,1.00,1.12
2016.02.05 14:05:36.710,2.02941,2.02978,1.00,1.00
2016.02.05 14:05:36.761,2.02941,2.02982,1.00,1.00
2016.02.05 14:05:36.999,2.02941,2.02979,1.50,1.00
2016.02.05 14:05:37.512,2.0294,2.02979,1.00,1.00
2016.02.05 14:05:37.821,2.02936,2.02977,1.37,1.75
2016.02.05 14:05:37.973,2.02925,2.02961,1.00,1.75
2016.02.05 14:05:38.024,2.02928,2.02961,1.00,1.75
2016.02.05 14:05:38.226,2.02924,2.02961,1.00,1.75
2016.02.05 14:05:38.392,2.02928,2.02961,1.00,1.75
2016.02.05 14:05:38.645,2.02928,2.02963,1.00,1.00
2016.02.05 14:05:38.797,2.02924,2.02963,1.12,1.00
2016.02.05 14:05:38.848,2.02924,2.02963,1.37,1.00
2016.02.05 14:05:39.000,2.02923,2.02963,1.00,1.75
2016.02.05 14:05:39.185,2.02925,2.02963,1.00,1.75
2016.02.05 14:05:39.237,2.02925,2.02963,1.00,1.37
2016.02.05 14:05:39.288,2.02925,2.02963,1.00,1.00
2016.02.05 14:05:39.490,2.02925,2.02964,1.37,1.00
2016.02.05 14:05:39.820,2.02951,2.02992,1.37,2.02
2016.02.05 14:05:39.871,2.02951,2.02996,1.50,1.75
2016.02.05 14:05:39.922,2.02951,2.02999,1.12,1.50
2016.02.05 14:05:39.972,2.02962,2.02999,1.00,1.12
2016.02.05 14:05:40.023,2.02965,2.03005,1.37,1.37
2016.02.05 14:05:40.074,2.02965,2.03005,1.50,1.00
2016.02.05 14:05:40.125,2.02966,2.03,1.37,1.00
2016.02.05 14:05:40.277,2.02978,2.03003,1.00,1.00
2016.02.05 14:05:40.328,2.02978,2.03003,2.40,1.00
2016.02.05 14:05:40.522,2.0298,2.03022,1.00,1.50
2016.02.05 14:05:40.624,2.0298,2.03022,1.00,1.50
2016.02.05 14:05:41.189,2.02977,2.03014,2.25,1.00
2016.02.05 14:05:41.492,2.02977,2.03008,1.75,1.00
2016.02.05 14:05:41.802,2.02986,2.03012,1.00,1.00
2016.02.05 14:05:41.938,2.02987,2.03029,2.40,1.37
2016.02.05 14:05:42.040,2.02997,2.03038,1.75,1.00
2016.02.05 14:05:42.141,2.02997,2.03042,1.75,2.62
2016.02.05 14:05:42.445,2.03013,2.03047,1.12,1.00
2016.02.05 14:05:42.496,2.03006,2.03046,1.00,1.00
2016.02.05 14:05:42.662,2.02999,2.03043,1.00,1.37
2016.02.05 14:05:42.712,2.02998,2.03011,1.00,1.00
2016.02.05 14:05:42.763,2.02999,2.03011,1.00,1.00
2016.02.05 14:05:42.814,2.02999,2.03012,1.00,1.00
2016.02.05 14:05:42.865,2.02996,2.03012,1.00,1.00
2016.02.05 14:05:42.967,2.0299,2.03009,1.00,1.00
2016.02.05 14:05:43.068,2.02989,2.03037,1.00,1.00
2016.02.05 14:05:43.119,2.02991,2.03037,1.00,1.00
2016.02.05 14:05:43.220,2.02991,2.03039,1.00,1.00
2016.02.05 14:05:43.316,2.02988,2.03041,1.00,1.87
2016.02.05 14:05:43.367,2.02991,2.03037,1.00,1.12
2016.02.05 14:05:43.417,2.02987,2.03037,1.00,1.12
2016.02.05 14:05:43.519,2.0299,2.03037,1.00,1.87
2016.02.05 14:05:43.822,2.02984,2.03033,1.00,1.87
2016.02.05 14:05:43.924,2.0298,2.03028,1.00,1.00
2016.02.05 14:05:44.031,2.02986,2.03029,1.00,1.00
2016.02.05 14:05:44.082,2.02986,2.03034,1.00,1.75
2016.02.05 14:05:44.133,2.02995,2.03034,1.00,1.37
2016.02.05 14:05:44.234,2.02998,2.03039,1.00,1.00
2016.02.05 14:05:44.285,2.03,2.03039,1.00,1.00
2016.02.05 14:05:44.588,2.02974,2.0299,1.00,1.00
2016.02.05 14:05:44.711,2.02949,2.02994,1.00,1.00
2016.02.05 14:05:44.762,2.02943,2.02995,1.12,1.00
2016.02.05 14:05:44.915,2.0295,2.03001,1.00,1.00
2016.02.05 14:05:45.220,2.02959,2.02993,1.50,1.00
2016.02.05 14:05:45.360,2.02955,2.0299,1.00,1.00
2016.02.05 14:05:45.461,2.02945,2.02989,1.00,1.00
2016.02.05 14:05:45.563,2.02939,2.02989,1.50,1.12
2016.02.05 14:05:45.614,2.02937,2.02986,2.25,1.00
2016.02.05 14:05:45.918,2.02951,2.02988,1.00,1.00
2016.02.05 14:05:46.242,2.02984,2.03008,1.00,1.00
2016.02.05 14:05:46.393,2.02984,2.0301,1.12,1.00
2016.02.05 14:05:46.444,2.02981,2.03031,1.50,1.00
2016.02.05 14:05:46.545,2.02984,2.03036,1.00,1.50
2016.02.05 14:05:46.723,2.02984,2.02997,1.00,1.00
2016.02.05 14:05:46.774,2.02971,2.02991,1.12,1.00
2016.02.05 14:05:46.826,2.02971,2.02999,1.12,1.00
2016.02.05 14:05:46.877,2.02968,2.02997,1.75,1.00
2016.02.05 14:05:47.095,2.02978,2.03013,1.00,1.00
2016.02.05 14:05:47.421,2.0296,2.02993,1.12,1.00
2016.02.05 14:05:47.725,2.02957,2.02986,1.37,1.00
2016.02.05 14:05:47.776,2.02942,2.02985,1.87,1.00
2016.02.05 14:05:47.878,2.0293,2.02975,1.75,1.00
2016.02.05 14:05:48.205,2.02926,2.0296,1.00,1.00
2016.02.05 14:05:48.306,2.02909,2.02957,1.00,1.00
2016.02.05 14:05:48.357,2.02909,2.02956,1.00,1.75
2016.02.05 14:05:48.458,2.02909,2.02957,1.00,1.12
2016.02.05 14:05:48.560,2.02899,2.02951,1.00,1.00
2016.02.05 14:05:48.759,2.02905,2.02954,1.00,1.00
2016.02.05 14:05:49.063,2.02915,2.02955,1.00,1.87
2016.02.05 14:05:49.215,2.02912,2.02954,1.00,1.00
2016.02.05 14:05:49.266,2.02922,2.02954,1.00,1.00
2016.02.05 14:05:49.468,2.02904,2.0295,1.00,1.00
2016.02.05 14:05:49.574,2.02904,2.02947,1.00,1.00
2016.02.05 14:05:49.625,2.02901,2.02947,1.00,1.00
2016.02.05 14:05:49.727,2.02899,2.02947,1.00,1.00
2016.02.05 14:05:49.879,2.02893,2.02945,1.87,1.00
2016.02.05 14:05:50.082,2.02893,2.0294,1.00,1.00
2016.02.05 14:05:50.285,2.02893,2.02943,1.50,1.00
2016.02.05 14:05:50.409,2.02893,2.02936,1.50,1.00
2016.02.05 14:05:50.714,2.029,2.02938,1.00,1.00
2016.02.05 14:05:51.018,2.02896,2.0293,1.00,1.00
2016.02.05 14:05:51.273,2.02875,2.02917,1.00,1.00
2016.02.05 14:05:51.376,2.02876,2.02914,1.00,1.00
2016.02.05 14:05:51.427,2.02872,2.02914,1.00,1.00
2016.02.05 14:05:51.478,2.02872,2.02916,1.12,1.00
2016.02.05 14:05:51.580,2.02872,2.02918,1.37,1.00
2016.02.05 14:05:51.682,2.02878,2.02922,1.00,1.00
2016.02.05 14:05:51.783,2.02878,2.02924,1.87,1.00
2016.02.05 14:05:51.834,2.02881,2.02926,1.00,1.00
2016.02.05 14:05:52.017,2.02882,2.02928,1.00,1.50
2016.02.05 14:05:52.068,2.02884,2.02928,1.00,1.50
2016.02.05 14:05:52.574,2.02885,2.02924,1.00,1.00
2016.02.05 14:05:52.925,2.02883,2.0292,1.00,1.00
2016.02.05 14:05:53.027,2.02884,2.02926,1.00,1.00
2016.02.05 14:05:53.078,2.02888,2.02926,1.00,1.00
2016.02.05 14:05:53.129,2.02892,2.02933,1.00,1.50
2016.02.05 14:05:53.180,2.02901,2.02933,1.00,1.00
2016.02.05 14:05:53.231,2.02903,2.02946,1.00,1.00
2016.02.05 14:05:53.282,2.02906,2.02946,1.00,1.00
2016.02.05 14:05:53.333,2.02906,2.02948,1.00,1.50
2016.02.05 14:05:53.575,2.02909,2.0295,1.00,1.00
2016.02.05 14:05:53.878,2.02916,2.02948,1.00,1.00
2016.02.05 14:05:53.979,2.02911,2.02949,1.00,1.00
2016.02.05 14:05:54.057,2.02905,2.02949,1.00,1.50
2016.02.05 14:05:54.108,2.02908,2.02952,1.00,1.00
2016.02.05 14:05:54.233,2.02908,2.02954,1.00,1.00
2016.02.05 14:05:54.386,2.02913,2.02956,1.00,1.00
2016.02.05 14:05:54.589,2.02908,2.02952,1.00,1.00
2016.02.05 14:05:54.640,2.02915,2.02953,1.00,1.12
2016.02.05 14:05:54.990,2.02909,2.02949,1.00,1.37
2016.02.05 14:05:55.142,2.02894,2.0294,1.37,1.12
2016.02.05 14:05:55.568,2.02895,2.02939,1.00,1.00
2016.02.05 14:05:55.671,2.02891,2.02928,1.50,1.00
2016.02.05 14:05:55.976,2.02855,2.02907,1.00,1.75
2016.02.05 14:05:56.027,2.02847,2.02899,1.12,1.12
2016.02.05 14:05:56.195,2.02852,2.02902,1.00,1.37
2016.02.05 14:05:56.347,2.02845,2.02895,1.50,1.00
2016.02.05 14:05:56.549,2.02848,2.029,1.00,1.00
2016.02.05 14:05:56.751,2.02848,2.029,1.37,1.00
2016.02.05 14:05:56.802,2.02852,2.02903,1.37,1.00
2016.02.05 14:05:56.991,2.02854,2.02898,1.00,1.00
2016.02.05 14:05:57.297,2.02853,2.02896,1.00,1.00
2016.02.05 14:05:57.348,2.02853,2.02899,1.00,1.50
2016.02.05 14:05:57.399,2.02857,2.02899,1.00,1.00
2016.02.05 14:05:57.818,2.02853,2.02899,1.00,1.50
2016.02.05 14:05:58.172,2.02853,2.02894,1.50,1.00
2016.02.05 14:05:58.512,2.02879,2.029,1.00,1.00
2016.02.05 14:05:58.563,2.02878,2.02899,1.00,1.00
2016.02.05 14:05:58.817,2.02879,2.02899,1.00,1.00
2016.02.05 14:05:58.868,2.02878,2.02899,1.00,1.00
2016.02.05 14:05:59.019,2.0288,2.02899,1.00,1.00
2016.02.05 14:05:59.070,2.02879,2.02901,1.00,1.37
2016.02.05 14:05:59.381,2.02868,2.02883,1.00,1.00
2016.02.05 14:05:59.634,2.02863,2.0288,1.00,1.50
2016.02.05 14:05:59.685,2.02863,2.02883,1.00,1.00
2016.02.05 14:05:59.736,2.02865,2.02883,1.00,1.00
2016.02.05 14:06:00.075,2.02827,2.02872,1.00,1.00
2016.02.05 14:06:00.177,2.0286,2.02875,1.00,1.00
2016.02.05 14:06:00.228,2.02863,2.02872,1.00,1.00
2016.02.05 14:06:00.279,2.02863,2.02872,1.00,1.00
2016.02.05 14:06:00.380,2.02854,2.02877,1.00,1.00
2016.02.05 14:06:00.431,2.02853,2.02879,1.00,1.00
2016.02.05 14:06:00.532,2.02847,2.02879,1.00,1.00
2016.02.05 14:06:00.583,2.02849,2.02879,1.00,1.00
2016.02.05 14:06:00.634,2.02849,2.02882,1.00,1.00
2016.02.05 14:06:00.761,2.02849,2.02888,1.00,1.00
2016.02.05 14:06:00.914,2.02856,2.02888,1.00,1.00
2016.02.05 14:06:00.966,2.02853,2.02888,1.00,1.00
2016.02.05 14:06:01.067,2.02851,2.02889,1.00,1.00
2016.02.05 14:06:01.219,2.02853,2.02892,1.00,1.00
2016.02.05 14:06:01.270,2.0286,2.02892,1.00,1.00
2016.02.05 14:06:01.321,2.02862,2.02905,1.00,1.50
2016.02.05 14:06:01.372,2.02867,2.02905,1.00,1.00
2016.02.05 14:06:01.444,2.02862,2.02905,1.37,1.00
2016.02.05 14:06:01.496,2.02864,2.02908,1.37,1.00
2016.02.05 14:06:01.597,2.02864,2.02908,1.00,1.00
2016.02.05 14:06:01.856,2.02868,2.02908,1.00,1.00
2016.02.05 14:06:01.907,2.02868,2.02911,1.50,1.00
2016.02.05 14:06:02.179,2.02868,2.02903,1.00,1.00
2016.02.05 14:06:02.436,2.02886,2.02924,1.00,2.25
2016.02.05 14:06:02.486,2.02887,2.02932,1.37,1.37
2016.02.05 14:06:02.537,2.02887,2.02932,1.75,1.00
2016.02.05 14:06:02.588,2.02897,2.0295,1.00,1.37
2016.02.05 14:06:02.639,2.02897,2.0295,1.37,1.37
2016.02.05 14:06:02.690,2.02896,2.0295,1.75,1.00
2016.02.05 14:06:02.740,2.02896,2.02947,1.75,1.00
2016.02.05 14:06:02.842,2.02904,2.02956,1.37,1.00
2016.02.05 14:06:03.514,2.02909,2.02962,1.37,1.00
2016.02.05 14:06:03.615,2.02911,2.02942,1.50,1.00
2016.02.05 14:06:03.666,2.02911,2.02944,1.50,1.00
2016.02.05 14:06:03.767,2.02912,2.02946,1.50,1.00
2016.02.05 14:06:03.858,2.02914,2.02946,1.37,1.00
2016.02.05 14:06:03.911,2.02914,2.02964,1.87,1.00
2016.02.05 14:06:03.961,2.02928,2.02968,1.00,1.00
2016.02.05 14:06:04.012,2.02928,2.02973,1.00,1.00
2016.02.05 14:06:04.063,2.02941,2.02984,1.00,1.00
2016.02.05 14:06:04.267,2.02955,2.03002,1.00,1.50
2016.02.05 14:06:04.319,2.02955,2.03007,1.00,1.00
2016.02.05 14:06:04.370,2.02954,2.03005,1.00,1.00
2016.02.05 14:06:04.690,2.02965,2.0301,1.00,1.00
2016.02.05 14:06:04.993,2.02965,2.02985,1.00,1.00
2016.02.05 14:06:05.044,2.02965,2.02987,1.00,1.00
2016.02.05 14:06:05.196,2.02961,2.0299,1.00,1.00
2016.02.05 14:06:05.474,2.02958,2.0299,1.00,1.00
2016.02.05 14:06:05.626,2.02958,2.02992,1.00,1.00
2016.02.05 14:06:05.727,2.02956,2.02992,1.50,1.00
2016.02.05 14:06:06.131,2.02954,2.02992,1.00,1.00
2016.02.05 14:06:06.182,2.02954,2.0299,1.00,1.00
2016.02.05 14:06:06.361,2.02957,2.02998,1.00,1.00
2016.02.05 14:06:06.412,2.02958,2.03004,1.00,1.50
2016.02.05 14:06:06.463,2.02953,2.02997,1.00,1.00
2016.02.05 14:06:06.716,2.02951,2.03004,1.00,1.87
2016.02.05 14:06:06.817,2.02951,2.02998,1.00,1.00
2016.02.05 14:06:07.146,2.02963,2.02999,1.00,1.00
2016.02.05 14:06:07.247,2.02963,2.03002,1.00,1.00
2016.02.05 14:06:07.407,2.02963,2.03005,1.00,1.50
2016.02.05 14:06:07.458,2.02966,2.03005,1.00,1.00
2016.02.05 14:06:07.509,2.02966,2.03011,1.00,1.00
2016.02.05 14:06:07.559,2.02969,2.03013,1.50,1.00
2016.02.05 14:06:07.884,2.02981,2.03023,1.00,1.00
2016.02.05 14:06:07.936,2.02987,2.03031,1.00,1.00
2016.02.05 14:06:08.088,2.02988,2.03026,1.00,1.00
2016.02.05 14:06:08.632,2.02987,2.03026,1.00,1.00
2016.02.05 14:06:08.835,2.02984,2.03026,1.00,1.00
2016.02.05 14:06:08.987,2.02986,2.03026,1.00,1.00
2016.02.05 14:06:09.291,2.02992,2.03023,1.00,1.00
2016.02.05 14:06:09.342,2.0299,2.03023,1.00,1.00
2016.02.05 14:06:09.433,2.03006,2.03023,1.00,1.00
2016.02.05 14:06:09.484,2.03006,2.03028,1.37,1.00
2016.02.05 14:06:09.535,2.03011,2.03032,1.00,1.00
2016.02.05 14:06:09.637,2.03004,2.03035,1.00,1.00
2016.02.05 14:06:09.738,2.03005,2.03035,1.37,1.00
2016.02.05 14:06:09.839,2.03013,2.03043,1.00,1.00
2016.02.05 14:06:09.890,2.03013,2.03045,1.00,1.00
2016.02.05 14:06:10.092,2.03013,2.03047,1.00,1.00
2016.02.05 14:06:10.305,2.03011,2.03047,1.00,1.00
2016.02.05 14:06:10.557,2.03011,2.03044,1.00,1.00
2016.02.05 14:06:10.659,2.02999,2.03034,1.00,1.12
2016.02.05 14:06:10.710,2.02994,2.03034,1.00,1.12
2016.02.05 14:06:10.761,2.02991,2.03034,1.00,1.50
2016.02.05 14:06:10.812,2.02993,2.03023,1.00,1.00
2016.02.05 14:06:10.863,2.02984,2.03019,1.00,1.00
2016.02.05 14:06:10.952,2.02984,2.03019,1.00,1.37
2016.02.05 14:06:11.257,2.02989,2.03003,1.00,1.00
2016.02.05 14:06:11.308,2.02988,2.0301,1.00,1.87
2016.02.05 14:06:11.360,2.02979,2.0301,1.00,1.87
2016.02.05 14:06:11.411,2.02987,2.0301,1.00,1.37
2016.02.05 14:06:11.739,2.02972,2.0299,1.00,1.00
2016.02.05 14:06:11.993,2.02971,2.02996,1.00,1.00
2016.02.05 14:06:12.145,2.02969,2.02994,1.00,1.37
2016.02.05 14:06:12.481,2.02933,2.02981,1.00,1.00
2016.02.05 14:06:12.582,2.02933,2.02986,1.50,1.00
2016.02.05 14:06:12.683,2.02933,2.02982,1.50,1.00
2016.02.05 14:06:13.311,2.02939,2.02982,1.00,1.00
2016.02.05 14:06:13.362,2.02933,2.02982,2.25,1.00
2016.02.05 14:06:13.414,2.02933,2.02978,1.12,1.00
2016.02.05 14:06:13.717,2.02923,2.02963,1.00,1.00
2016.02.05 14:06:13.768,2.02921,2.02963,1.50,1.00
2016.02.05 14:06:13.971,2.02917,2.02967,1.00,1.37
2016.02.05 14:06:14.152,2.02917,2.02963,1.00,1.00
2016.02.05 14:06:14.456,2.02943,2.02963,1.00,1.37
2016.02.05 14:06:14.558,2.02942,2.02964,1.00,1.87
2016.02.05 14:06:14.710,2.02939,2.02961,1.00,1.12
2016.02.05 14:06:14.933,2.02938,2.02963,1.00,1.12
2016.02.05 14:06:15.035,2.02935,2.02963,1.00,1.12
2016.02.05 14:06:15.186,2.02935,2.02963,1.00,1.37
2016.02.05 14:06:15.237,2.02931,2.02963,1.00,1.37
2016.02.05 14:06:15.288,2.02934,2.0296,1.00,1.00
2016.02.05 14:06:15.340,2.02932,2.0296,1.00,1.00
2016.02.05 14:06:15.391,2.02932,2.02955,1.00,1.00
2016.02.05 14:06:15.442,2.02929,2.02953,1.00,1.00
2016.02.05 14:06:15.544,2.02926,2.0295,1.00,1.00
2016.02.05 14:06:15.595,2.02903,2.0294,1.50,1.00
2016.02.05 14:06:15.689,2.02903,2.02929,1.00,1.37
2016.02.05 14:06:15.740,2.02884,2.02929,1.87,1.37
2016.02.05 14:06:15.791,2.02913,2.02929,1.00,1.00
2016.02.05 14:06:16.049,2.02918,2.02941,1.00,1.00
2016.02.05 14:06:16.100,2.02923,2.02941,1.00,1.00
2016.02.05 14:06:16.150,2.02923,2.02948,1.00,1.00
2016.02.05 14:06:16.201,2.02926,2.02948,1.00,1.00
2016.02.05 14:06:16.532,2.03014,2.03064,1.00,1.00
2016.02.05 14:06:16.684,2.03006,2.03064,1.50,1.50
2016.02.05 14:06:16.735,2.03009,2.03064,1.00,1.50
2016.02.05 14:06:16.836,2.03003,2.03064,1.00,1.00
2016.02.05 14:06:17.125,2.03,2.03061,1.00,1.00
2016.02.05 14:06:17.429,2.03006,2.03059,1.00,1.00
2016.02.05 14:06:17.479,2.02998,2.03052,1.00,1.00
2016.02.05 14:06:17.530,2.02998,2.03018,1.00,1.00
2016.02.05 14:06:17.682,2.02988,2.03013,1.00,1.00
2016.02.05 14:06:17.783,2.02989,2.03049,1.00,1.00
2016.02.05 14:06:17.914,2.02989,2.03013,1.00,1.00
2016.02.05 14:06:17.965,2.02987,2.03049,1.00,1.00
2016.02.05 14:06:18.117,2.02993,2.03039,1.00,1.00
2016.02.05 14:06:18.471,2.0299,2.03034,1.00,1.00
2016.02.05 14:06:18.522,2.0299,2.03036,1.00,1.00
2016.02.05 14:06:18.724,2.02993,2.03037,1.00,1.00
2016.02.05 14:06:18.826,2.02997,2.03043,1.00,1.00
2016.02.05 14:06:19.331,2.02998,2.03043,1.00,1.00
2016.02.05 14:06:19.483,2.02998,2.0304,1.00,1.00
2016.02.05 14:06:19.706,2.02994,2.0304,1.50,1.00
2016.02.05 14:06:20.060,2.03,2.03044,1.00,1.00
2016.02.05 14:06:20.365,2.03002,2.03047,1.00,1.00
2016.02.05 14:06:20.771,2.02999,2.03043,1.00,1.00
2016.02.05 14:06:21.075,2.02996,2.0304,1.50,1.00
2016.02.05 14:06:21.407,2.03013,2.03052,1.00,1.00
2016.02.05 14:06:21.559,2.03033,2.03073,1.00,1.50
2016.02.05 14:06:21.610,2.03037,2.03073,1.00,1.00
2016.02.05 14:06:21.660,2.03037,2.03078,1.00,1.00
2016.02.05 14:06:21.711,2.03037,2.0308,1.00,1.00
2016.02.05 14:06:21.980,2.03037,2.03071,1.00,1.00
