2016.03.14 12:00:00.141,1.90417,1.90449,1.00,1.37
2016.03.14 12:00:00.394,1.90408,1.90443,1.37,1.57
2016.03.14 12:00:00.545,1.90408,1.90444,1.37,1.50
2016.03.14 12:00:00.848,1.90414,1.90448,1.00,1.00
2016.03.14 12:00:00.899,1.90411,1.90445,1.12,1.00
2016.03.14 12:00:01.005,1.90412,1.90447,1.00,1.00
2016.03.14 12:00:01.540,1.90413,1.90447,1.00,1.00
2016.03.14 12:00:02.104,1.90413,1.90447,1.37,1.00
2016.03.14 12:00:02.156,1.90415,1.90449,1.00,1.00
2016.03.14 12:00:02.662,1.90414,1.9045,1.87,2.25
2016.03.14 12:00:03.165,1.90414,1.9045,1.87,2.25
2016.03.14 12:00:04.018,1.90417,1.9045,1.00,1.12
2016.03.14 12:00:05.424,1.90418,1.90452,1.00,1.75
2016.03.14 12:00:05.974,1.90417,1.90452,1.00,1.75
2016.03.14 12:00:06.076,1.90418,1.90452,1.37,1.75
2016.03.14 12:00:06.677,1.90418,1.90452,1.37,1.75
2016.03.14 12:00:07.192,1.90418,1.90452,1.37,1.75
2016.03.14 12:00:07.732,1.90417,1.90452,1.37,1.75
2016.03.14 12:00:07.783,1.90417,1.90452,1.00,1.75
2016.03.14 12:00:08.334,1.90416,1.90452,1.12,2.25
2016.03.14 12:00:10.343,1.90415,1.90452,1.50,3.00
2016.03.14 12:00:11.097,1.90415,1.90449,1.00,1.00
2016.03.14 12:00:11.222,1.90415,1.90447,1.00,1.00
2016.03.14 12:00:11.525,1.90413,1.90439,1.00,1.00
2016.03.14 12:00:11.777,1.90409,1.90439,1.00,1.00
2016.03.14 12:00:11.828,1.90412,1.90439,1.00,1.00
2016.03.14 12:00:11.929,1.90412,1.90443,1.00,1.00
2016.03.14 12:00:12.030,1.90414,1.90443,1.00,1.00
2016.03.14 12:00:12.497,1.90414,1.90447,1.50,1.50
2016.03.14 12:00:13.979,1.90414,1.90443,1.37,1.00
2016.03.14 12:00:14.182,1.90416,1.90447,1.00,1.00
2016.03.14 12:00:14.535,1.90414,1.90445,1.87,1.12
2016.03.14 12:00:14.636,1.90412,1.90445,1.00,1.00
2016.03.14 12:00:15.218,1.90412,1.90446,1.00,1.87
2016.03.14 12:00:15.766,1.90412,1.90443,1.00,1.00
2016.03.14 12:00:17.183,1.90411,1.90436,1.12,1.00
2016.03.14 12:00:17.385,1.90411,1.90442,1.00,1.12
2016.03.14 12:00:17.637,1.90414,1.90445,1.50,1.75
2016.03.14 12:00:17.739,1.90414,1.90449,1.50,1.00
2016.03.14 12:00:17.789,1.90419,1.90449,1.00,1.00
2016.03.14 12:00:17.941,1.90419,1.90452,1.00,1.50
2016.03.14 12:00:18.243,1.90422,1.90452,1.00,1.37
2016.03.14 12:00:18.779,1.90422,1.90452,1.00,1.00
2016.03.14 12:00:19.132,1.90422,1.90455,1.00,1.00
2016.03.14 12:00:20.896,1.90422,1.90456,1.00,1.50
2016.03.14 12:00:22.242,1.90422,1.90454,1.50,1.00
2016.03.14 12:00:22.552,1.90422,1.90456,1.50,1.00
2016.03.14 12:00:23.335,1.90422,1.90455,1.50,1.81
2016.03.14 12:00:23.436,1.90416,1.9045,1.50,1.09
2016.03.14 12:00:23.537,1.90415,1.90446,1.12,1.00
2016.03.14 12:00:23.638,1.90418,1.90453,1.00,1.50
2016.03.14 12:00:23.739,1.90418,1.90453,1.75,1.12
2016.03.14 12:00:24.048,1.90418,1.90451,1.75,1.00
2016.03.14 12:00:25.197,1.90423,1.90451,1.00,1.00
2016.03.14 12:00:25.508,1.90423,1.90455,1.00,1.37
2016.03.14 12:00:25.559,1.90423,1.90455,1.00,1.00
2016.03.14 12:00:26.064,1.9042,1.90455,1.50,1.00
2016.03.14 12:00:26.570,1.90419,1.90455,1.87,1.12
2016.03.14 12:00:27.111,1.9042,1.90455,1.00,1.12
2016.03.14 12:00:27.162,1.9042,1.90452,1.00,1.00
2016.03.14 12:00:27.780,1.90419,1.90452,1.87,1.00
2016.03.14 12:00:28.436,1.9042,1.90452,1.00,1.00
2016.03.14 12:00:28.950,1.90419,1.90452,2.62,1.00
2016.03.14 12:00:29.550,1.9042,1.90452,1.00,1.37
2016.03.14 12:00:30.057,1.9042,1.9045,1.00,1.00
2016.03.14 12:00:30.861,1.90419,1.9045,2.62,1.00
2016.03.14 12:00:31.462,1.9042,1.9045,1.00,1.00
2016.03.14 12:00:31.815,1.90419,1.90456,1.87,1.37
2016.03.14 12:00:32.415,1.9042,1.90457,1.50,1.87
2016.03.14 12:00:32.466,1.90419,1.90456,1.87,1.37
2016.03.14 12:00:32.768,1.90419,1.90454,1.00,1.50
2016.03.14 12:00:32.870,1.90419,1.90454,1.00,1.50
2016.03.14 12:00:33.260,1.90417,1.90447,1.00,1.00
2016.03.14 12:00:33.564,1.9042,1.9045,1.37,1.00
2016.03.14 12:00:33.666,1.9042,1.90452,1.37,1.00
2016.03.14 12:00:33.869,1.9042,1.90455,1.37,1.00
2016.03.14 12:00:34.021,1.90424,1.90455,1.00,1.12
2016.03.14 12:00:34.325,1.90424,1.90453,1.00,1.00
2016.03.14 12:00:34.757,1.90421,1.90453,1.00,1.00
2016.03.14 12:00:34.859,1.9042,1.9045,1.37,1.00
2016.03.14 12:00:35.161,1.9042,1.90448,1.37,1.00
2016.03.14 12:00:35.313,1.90421,1.9045,1.00,1.00
2016.03.14 12:00:35.881,1.90421,1.90449,1.00,1.00
2016.03.14 12:00:36.186,1.90417,1.90449,1.00,1.00
2016.03.14 12:00:37.607,1.90417,1.9045,1.00,1.00
2016.03.14 12:00:37.758,1.9042,1.90448,1.00,1.00
2016.03.14 12:00:37.859,1.9042,1.90451,1.00,1.50
2016.03.14 12:00:38.057,1.90417,1.90451,1.00,1.50
2016.03.14 12:00:39.284,1.90414,1.90445,1.50,1.37
2016.03.14 12:00:39.587,1.904,1.90426,1.00,1.00
2016.03.14 12:00:41.469,1.904,1.90431,1.00,1.00
2016.03.14 12:00:41.570,1.90405,1.90439,1.00,1.12
2016.03.14 12:00:41.907,1.90409,1.90439,1.12,1.00
2016.03.14 12:00:42.439,1.90409,1.9044,1.12,1.00
2016.03.14 12:00:42.490,1.9041,1.90445,1.00,1.12
2016.03.14 12:00:43.393,1.9041,1.90445,1.37,1.12
2016.03.14 12:00:44.197,1.9041,1.90445,1.12,1.12
2016.03.14 12:00:44.550,1.90409,1.90443,1.50,1.00
2016.03.14 12:00:45.052,1.90409,1.90443,1.50,1.00
2016.03.14 12:00:45.406,1.90409,1.90443,1.12,1.00
2016.03.14 12:00:45.782,1.90411,1.90446,1.10,1.37
2016.03.14 12:00:46.307,1.90412,1.90446,1.57,1.37
2016.03.14 12:00:47.063,1.90412,1.90444,1.57,1.00
2016.03.14 12:00:47.694,1.90412,1.90446,1.57,1.37
2016.03.14 12:00:48.314,1.90412,1.90444,1.10,1.00
2016.03.14 12:00:48.817,1.90411,1.90444,1.10,1.00
2016.03.14 12:00:49.843,1.90411,1.90443,1.10,1.00
2016.03.14 12:00:50.045,1.90412,1.90445,1.10,1.50
2016.03.14 12:00:50.428,1.90414,1.90448,1.00,1.75
2016.03.14 12:00:50.732,1.90423,1.90449,1.00,1.00
2016.03.14 12:00:50.783,1.90418,1.90449,1.10,1.00
2016.03.14 12:00:50.834,1.90416,1.90448,1.10,1.00
2016.03.14 12:00:51.357,1.90415,1.90447,1.00,1.00
2016.03.14 12:00:51.716,1.90414,1.90444,1.00,1.00
2016.03.14 12:00:52.280,1.90414,1.90445,1.00,1.00
2016.03.14 12:00:53.883,1.90414,1.90443,1.00,1.00
2016.03.14 12:00:54.143,1.90414,1.90448,1.00,1.87
2016.03.14 12:00:54.264,1.90414,1.90443,1.00,1.00
2016.03.14 12:00:54.365,1.9041,1.90443,1.00,1.00
2016.03.14 12:00:54.466,1.90408,1.9044,1.47,1.00
2016.03.14 12:00:54.769,1.90401,1.90434,1.00,1.37
2016.03.14 12:00:54.820,1.90401,1.90436,1.00,1.37
2016.03.14 12:00:54.921,1.90401,1.90433,1.00,1.00
2016.03.14 12:00:55.245,1.90404,1.90433,1.00,1.00
2016.03.14 12:00:55.346,1.90404,1.90435,1.00,1.00
2016.03.14 12:00:55.548,1.90404,1.90437,1.00,1.00
2016.03.14 12:00:56.012,1.90404,1.90433,1.00,1.00
2016.03.14 12:00:56.091,1.904,1.90433,1.50,1.00
2016.03.14 12:00:56.243,1.904,1.90429,1.00,1.00
2016.03.14 12:00:56.344,1.90398,1.90429,1.00,1.00
2016.03.14 12:00:56.852,1.90398,1.90428,1.00,1.00
2016.03.14 12:00:57.327,1.90398,1.90432,1.00,1.50
2016.03.14 12:00:57.529,1.90398,1.9043,1.00,1.00
2016.03.14 12:00:57.781,1.90398,1.90432,1.00,1.12
2016.03.14 12:00:58.512,1.90398,1.90428,1.00,1.00
2016.03.14 12:00:59.030,1.90398,1.90429,1.00,1.00
2016.03.14 12:00:59.081,1.90398,1.90432,1.00,1.12
2016.03.14 12:00:59.246,1.90402,1.90436,1.12,2.25
2016.03.14 12:00:59.347,1.90402,1.90435,1.50,1.00
2016.03.14 12:00:59.613,1.90398,1.90429,1.00,1.00
2016.03.14 12:00:59.714,1.90398,1.90433,1.50,1.75
2016.03.14 12:00:59.968,1.90398,1.90429,1.00,1.00
2016.03.14 12:01:00.271,1.90391,1.9042,1.37,1.00
2016.03.14 12:01:00.322,1.90388,1.9042,1.50,1.00
2016.03.14 12:01:00.837,1.90388,1.90419,1.00,1.00
2016.03.14 12:01:01.039,1.90388,1.90422,1.00,1.00
2016.03.14 12:01:02.617,1.90391,1.90424,1.00,1.37
2016.03.14 12:01:03.021,1.90393,1.90424,1.00,1.00
2016.03.14 12:01:05.793,1.90391,1.90424,1.50,1.00
2016.03.14 12:01:07.240,1.90393,1.90424,1.00,1.00
2016.03.14 12:01:07.341,1.90391,1.90424,2.25,1.00
2016.03.14 12:01:08.856,1.90393,1.90424,1.00,1.00
2016.03.14 12:01:10.548,1.90392,1.90424,1.00,1.00
2016.03.14 12:01:10.700,1.90389,1.90423,2.25,1.12
2016.03.14 12:01:10.750,1.90389,1.90421,1.00,1.00
2016.03.14 12:01:11.054,1.90387,1.90422,2.25,1.75
2016.03.14 12:01:11.155,1.90387,1.90422,2.62,1.00
2016.03.14 12:01:11.256,1.90389,1.90424,1.00,1.50
2016.03.14 12:01:11.458,1.90392,1.90428,1.12,1.50
2016.03.14 12:01:11.509,1.90397,1.90428,1.00,1.00
2016.03.14 12:01:11.606,1.90397,1.90432,1.50,1.87
2016.03.14 12:01:11.709,1.90395,1.90431,1.50,1.50
2016.03.14 12:01:11.962,1.90396,1.90431,2.32,1.00
2016.03.14 12:01:12.396,1.904,1.90434,1.00,1.87
2016.03.14 12:01:12.924,1.904,1.90433,1.00,1.50
2016.03.14 12:01:14.044,1.90405,1.90433,1.00,1.00
2016.03.14 12:01:14.606,1.90401,1.90434,1.00,1.12
2016.03.14 12:01:14.707,1.90399,1.90434,1.00,1.12
2016.03.14 12:01:15.011,1.90401,1.90433,1.00,1.00
2016.03.14 12:01:15.340,1.90404,1.90433,1.00,1.00
2016.03.14 12:01:15.592,1.904,1.90435,1.50,1.37
2016.03.14 12:01:16.122,1.90401,1.90436,1.00,1.75
2016.03.14 12:01:16.380,1.90404,1.90438,1.00,3.00
2016.03.14 12:01:16.481,1.90405,1.90438,1.75,1.50
2016.03.14 12:01:16.582,1.90412,1.90444,1.00,1.00
2016.03.14 12:01:16.684,1.90412,1.90446,1.00,1.00
2016.03.14 12:01:16.785,1.9041,1.90445,1.00,1.00
2016.03.14 12:01:18.241,1.90413,1.90447,1.00,1.12
2016.03.14 12:01:18.342,1.90411,1.90447,1.00,1.12
2016.03.14 12:01:18.870,1.90409,1.90444,1.50,1.00
2016.03.14 12:01:19.194,1.90412,1.90444,1.00,1.00
2016.03.14 12:01:19.695,1.90409,1.90444,1.50,1.00
2016.03.14 12:01:19.746,1.90409,1.90442,1.00,1.00
2016.03.14 12:01:20.301,1.90409,1.90443,1.00,1.00
2016.03.14 12:01:20.422,1.9041,1.90445,1.00,1.00
2016.03.14 12:01:21.864,1.90409,1.90443,1.00,1.00
2016.03.14 12:01:22.385,1.90409,1.90442,1.00,1.00
2016.03.14 12:01:22.889,1.90409,1.90443,1.00,1.00
2016.03.14 12:01:25.051,1.90409,1.90444,1.00,1.00
2016.03.14 12:01:27.103,1.90409,1.90445,1.00,1.00
2016.03.14 12:01:27.406,1.90412,1.90445,2.25,1.50
2016.03.14 12:01:27.456,1.90414,1.9045,1.12,1.00
2016.03.14 12:01:27.616,1.9042,1.9045,1.10,1.00
2016.03.14 12:01:27.768,1.90421,1.90456,1.00,1.00
2016.03.14 12:01:28.120,1.90425,1.9046,1.00,1.37
2016.03.14 12:01:28.323,1.90425,1.9046,1.00,1.00
2016.03.14 12:01:28.424,1.90425,1.90457,1.87,1.00
2016.03.14 12:01:28.687,1.90431,1.90466,2.62,1.12
2016.03.14 12:01:29.202,1.90432,1.90465,1.12,1.00
2016.03.14 12:01:29.504,1.90432,1.90466,1.75,1.00
2016.03.14 12:01:29.555,1.90438,1.90468,1.12,1.00
2016.03.14 12:01:29.606,1.90438,1.90471,1.00,1.00
2016.03.14 12:01:29.933,1.90439,1.90473,1.50,1.12
2016.03.14 12:01:30.085,1.90441,1.90475,1.12,1.00
2016.03.14 12:01:30.693,1.90441,1.90476,1.12,1.50
2016.03.14 12:01:31.979,1.90442,1.90471,1.00,1.00
2016.03.14 12:01:32.081,1.90442,1.90474,1.00,1.00
2016.03.14 12:01:33.592,1.90441,1.90474,1.50,1.00
2016.03.14 12:01:33.642,1.90441,1.90471,1.50,1.00
2016.03.14 12:01:33.844,1.90437,1.90469,1.00,1.00
2016.03.14 12:01:34.149,1.90437,1.90472,1.50,1.00
2016.03.14 12:01:34.702,1.90437,1.90474,1.50,1.50
2016.03.14 12:01:35.996,1.90437,1.90474,1.37,1.50
2016.03.14 12:01:36.305,1.90441,1.90476,1.00,1.75
2016.03.14 12:01:36.356,1.90441,1.90476,1.50,1.00
2016.03.14 12:01:36.899,1.90443,1.90476,1.00,1.00
2016.03.14 12:01:37.256,1.90443,1.90479,1.50,1.50
2016.03.14 12:01:37.512,1.90446,1.90481,1.00,1.75
2016.03.14 12:01:37.815,1.90448,1.90481,1.00,1.34
2016.03.14 12:01:38.354,1.90447,1.9048,1.50,1.34
2016.03.14 12:01:39.248,1.90448,1.9048,1.00,1.34
2016.03.14 12:01:39.550,1.90446,1.90479,1.50,1.09
2016.03.14 12:01:40.052,1.90447,1.9048,1.00,1.34
2016.03.14 12:01:40.204,1.90449,1.90484,1.00,1.46
2016.03.14 12:01:40.255,1.90449,1.90484,1.00,1.00
2016.03.14 12:01:40.766,1.90448,1.90485,1.00,2.25
2016.03.14 12:01:41.120,1.90448,1.90485,1.00,1.87
2016.03.14 12:01:41.374,1.90432,1.90467,1.50,1.00
2016.03.14 12:01:41.879,1.90431,1.90466,1.50,1.00
2016.03.14 12:01:41.981,1.90435,1.90469,1.00,1.12
2016.03.14 12:01:42.287,1.90438,1.90469,1.00,1.00
2016.03.14 12:01:42.590,1.9044,1.90472,1.37,1.00
2016.03.14 12:01:42.640,1.9044,1.90477,1.87,1.75
2016.03.14 12:01:42.691,1.90442,1.90477,1.00,1.00
2016.03.14 12:01:42.742,1.90446,1.9048,1.37,1.50
2016.03.14 12:01:42.944,1.90438,1.90473,1.75,1.00
2016.03.14 12:01:43.096,1.90438,1.90473,1.00,1.84
2016.03.14 12:01:43.197,1.90436,1.90471,1.00,1.12
2016.03.14 12:01:43.602,1.90438,1.90473,1.00,1.84
2016.03.14 12:01:44.128,1.90438,1.90472,1.00,1.71
2016.03.14 12:01:44.279,1.90427,1.90459,1.12,1.34
2016.03.14 12:01:44.481,1.90422,1.90459,1.00,1.84
2016.03.14 12:01:44.633,1.90425,1.90458,1.00,1.71
2016.03.14 12:01:47.122,1.90425,1.90458,1.00,1.71
2016.03.14 12:01:47.274,1.90423,1.90454,1.00,1.09
2016.03.14 12:01:47.325,1.90423,1.90449,1.00,1.84
2016.03.14 12:01:47.376,1.9042,1.90449,1.12,2.21
2016.03.14 12:01:47.477,1.90414,1.90448,1.12,1.34
2016.03.14 12:01:47.579,1.90407,1.90442,1.50,1.34
2016.03.14 12:01:47.680,1.90407,1.90442,1.50,1.34
2016.03.14 12:01:47.831,1.90412,1.90446,1.00,1.87
2016.03.14 12:01:47.983,1.90416,1.90451,1.00,2.25
2016.03.14 12:01:48.135,1.90414,1.90449,1.00,1.00
2016.03.14 12:01:48.851,1.90414,1.9045,1.00,1.00
2016.03.14 12:01:49.153,1.90417,1.9045,1.00,1.00
2016.03.14 12:01:49.506,1.9042,1.90452,1.00,1.50
2016.03.14 12:01:49.809,1.90424,1.90453,1.00,1.75
2016.03.14 12:01:49.961,1.90426,1.90458,1.00,1.75
2016.03.14 12:01:50.614,1.90428,1.9046,1.00,2.25
2016.03.14 12:01:51.169,1.90429,1.90459,1.37,1.37
2016.03.14 12:01:51.220,1.90429,1.90459,1.37,1.00
2016.03.14 12:01:51.382,1.90432,1.90464,1.00,2.25
2016.03.14 12:01:51.483,1.90427,1.90462,1.00,1.50
2016.03.14 12:01:51.685,1.90429,1.90464,1.37,2.25
2016.03.14 12:01:51.786,1.90429,1.90464,1.12,1.75
2016.03.14 12:01:52.321,1.90428,1.90461,1.00,1.12
2016.03.14 12:01:52.572,1.90431,1.90461,1.00,1.12
2016.03.14 12:01:52.774,1.90429,1.90461,1.12,1.12
2016.03.14 12:01:53.124,1.90431,1.90461,1.00,1.12
2016.03.14 12:01:53.476,1.90437,1.90464,1.00,1.37
2016.03.14 12:01:53.527,1.90437,1.90464,1.00,1.00
2016.03.14 12:01:53.578,1.90433,1.90464,1.00,1.00
2016.03.14 12:01:53.780,1.9043,1.90464,1.00,1.00
2016.03.14 12:01:53.982,1.9043,1.90462,1.00,1.00
2016.03.14 12:01:58.492,1.90428,1.90462,1.50,1.00
2016.03.14 12:01:59.518,1.90426,1.90461,1.87,1.00
2016.03.14 12:02:00.028,1.90428,1.90462,1.50,1.00
2016.03.14 12:02:00.409,1.90426,1.90461,1.75,1.37
2016.03.14 12:02:00.825,1.90428,1.90462,1.50,1.00
2016.03.14 12:02:00.978,1.90427,1.90461,1.37,1.37
2016.03.14 12:02:01.433,1.90427,1.90463,1.37,1.50
2016.03.14 12:02:02.151,1.90427,1.90461,1.00,1.00
2016.03.14 12:02:02.656,1.90427,1.9046,1.00,1.00
2016.03.14 12:02:03.923,1.90429,1.90462,1.00,1.50
2016.03.14 12:02:04.430,1.9043,1.90462,1.00,1.50
2016.03.14 12:02:06.437,1.9043,1.90462,1.37,1.50
2016.03.14 12:02:06.942,1.9043,1.90462,1.12,1.00
2016.03.14 12:02:07.399,1.9043,1.90464,1.37,1.50
2016.03.14 12:02:07.550,1.90433,1.90464,1.00,1.00
2016.03.14 12:02:08.071,1.90436,1.90464,1.00,1.00
2016.03.14 12:02:08.311,1.9043,1.90463,1.12,1.00
2016.03.14 12:02:08.614,1.90433,1.90463,1.00,1.00
2016.03.14 12:02:09.148,1.90433,1.90464,1.00,1.00
2016.03.14 12:02:09.742,1.90435,1.90464,1.00,1.00
2016.03.14 12:02:09.944,1.90436,1.90466,1.00,1.00
2016.03.14 12:02:10.046,1.90439,1.90466,1.00,1.00
2016.03.14 12:02:10.147,1.90439,1.90468,1.00,1.00
2016.03.14 12:02:10.198,1.90439,1.90472,1.37,1.00
2016.03.14 12:02:10.350,1.9044,1.90473,1.00,1.37
2016.03.14 12:02:10.501,1.90438,1.90472,1.00,1.75
2016.03.14 12:02:10.754,1.90433,1.90469,1.12,1.50
2016.03.14 12:02:13.802,1.90433,1.90465,1.12,1.00
2016.03.14 12:02:14.874,1.90433,1.90465,1.00,1.87
2016.03.14 12:02:15.680,1.90434,1.90465,1.00,1.50
2016.03.14 12:02:16.034,1.90435,1.90465,1.37,2.25
2016.03.14 12:02:16.337,1.90439,1.90465,1.00,1.00
2016.03.14 12:02:16.539,1.9044,1.90468,1.12,1.12
2016.03.14 12:02:17.965,1.90443,1.90471,1.00,2.25
2016.03.14 12:02:18.016,1.90443,1.90471,1.00,1.87
2016.03.14 12:02:18.137,1.90443,1.90472,1.00,1.00
2016.03.14 12:02:18.188,1.9044,1.90472,1.12,1.00
2016.03.14 12:02:19.393,1.90439,1.90472,1.00,1.00
2016.03.14 12:02:19.769,1.90441,1.90472,1.00,1.00
2016.03.14 12:02:19.972,1.90439,1.90472,1.00,1.00
2016.03.14 12:02:20.180,1.90442,1.90472,1.00,1.00
2016.03.14 12:02:20.382,1.90442,1.90475,1.00,1.37
2016.03.14 12:02:20.483,1.90442,1.90475,1.75,1.00
2016.03.14 12:02:20.635,1.90449,1.9048,1.00,2.25
2016.03.14 12:02:20.736,1.90447,1.9048,1.00,2.25
2016.03.14 12:02:20.943,1.9045,1.9048,1.00,1.50
2016.03.14 12:02:21.296,1.90452,1.9048,1.00,1.50
2016.03.14 12:02:21.837,1.90451,1.9048,1.00,1.50
2016.03.14 12:02:22.489,1.90452,1.9048,1.12,1.50
2016.03.14 12:02:23.950,1.90454,1.90483,1.00,1.50
2016.03.14 12:02:24.152,1.90457,1.90487,1.00,3.00
2016.03.14 12:02:24.455,1.90458,1.90487,1.37,1.75
2016.03.14 12:02:24.556,1.90458,1.90487,1.00,1.00
2016.03.14 12:02:24.607,1.9046,1.90489,1.00,2.62
2016.03.14 12:02:24.708,1.90456,1.90489,1.00,2.62
2016.03.14 12:02:25.147,1.90459,1.90489,1.00,1.12
2016.03.14 12:02:26.229,1.90458,1.90489,1.12,1.12
2016.03.14 12:02:29.290,1.90458,1.90489,1.37,1.12
2016.03.14 12:02:29.794,1.90459,1.90492,1.00,2.25
2016.03.14 12:02:30.871,1.90459,1.90492,1.37,1.75
2016.03.14 12:02:32.137,1.9046,1.90492,1.00,1.37
2016.03.14 12:02:32.288,1.9046,1.90495,1.00,2.25
2016.03.14 12:02:32.491,1.90463,1.90495,1.00,1.00
2016.03.14 12:02:33.793,1.90463,1.90495,1.37,1.00
2016.03.14 12:02:33.844,1.90464,1.90497,1.37,1.00
2016.03.14 12:02:34.147,1.90467,1.90497,1.00,1.00
2016.03.14 12:02:34.392,1.90464,1.90497,1.00,1.00
2016.03.14 12:02:35.403,1.90464,1.90496,1.00,1.00
2016.03.14 12:02:35.454,1.9046,1.90494,1.00,1.00
2016.03.14 12:02:36.219,1.9046,1.90494,1.37,1.00
2016.03.14 12:02:36.572,1.90465,1.90495,1.00,1.50
2016.03.14 12:02:37.570,1.90462,1.90495,1.00,1.00
2016.03.14 12:02:38.225,1.90461,1.90494,1.00,1.00
2016.03.14 12:02:40.294,1.9046,1.90494,1.12,1.75
2016.03.14 12:02:40.496,1.9046,1.90494,1.12,1.00
2016.03.14 12:02:40.547,1.90463,1.90495,1.00,1.50
2016.03.14 12:02:40.849,1.90464,1.90495,1.37,1.00
2016.03.14 12:02:41.102,1.9046,1.90495,1.00,1.00
2016.03.14 12:02:41.304,1.90462,1.90497,1.12,2.25
2016.03.14 12:02:41.612,1.90463,1.905,1.50,1.87
2016.03.14 12:02:41.935,1.90469,1.905,1.37,1.12
2016.03.14 12:02:42.437,1.90472,1.905,1.00,1.12
2016.03.14 12:02:42.729,1.90468,1.90501,1.00,1.50
2016.03.14 12:02:43.048,1.9047,1.905,1.37,1.12
2016.03.14 12:02:43.149,1.9047,1.90501,1.00,1.50
2016.03.14 12:02:43.503,1.90464,1.90499,1.00,3.00
2016.03.14 12:02:43.604,1.90464,1.90494,1.00,2.25
2016.03.14 12:02:44.404,1.90461,1.90493,1.00,1.75
2016.03.14 12:02:44.908,1.90459,1.90492,1.37,1.75
2016.03.14 12:02:45.411,1.90459,1.90493,1.00,2.25
2016.03.14 12:02:46.515,1.90459,1.90493,1.37,3.00
2016.03.14 12:02:47.036,1.9046,1.90493,1.00,3.00
2016.03.14 12:02:47.087,1.90458,1.90493,1.12,3.00
2016.03.14 12:02:49.066,1.90458,1.90491,1.37,1.50
2016.03.14 12:02:50.879,1.90462,1.90491,1.00,1.50
2016.03.14 12:02:50.980,1.90459,1.90491,1.37,1.50
2016.03.14 12:02:51.932,1.90459,1.90491,1.37,1.50
2016.03.14 12:02:52.434,1.90462,1.90491,1.00,1.50
2016.03.14 12:02:54.048,1.90461,1.90491,1.12,1.50
2016.03.14 12:02:54.701,1.90459,1.90491,1.00,1.50
2016.03.14 12:02:54.953,1.90457,1.90491,1.12,1.50
2016.03.14 12:02:55.054,1.90459,1.90491,1.00,1.50
2016.03.14 12:02:55.820,1.90459,1.90486,1.00,1.00
2016.03.14 12:02:55.921,1.90453,1.90486,1.12,1.00
2016.03.14 12:02:56.023,1.90452,1.90486,1.50,1.00
2016.03.14 12:02:56.174,1.90455,1.90486,1.00,1.37
2016.03.14 12:02:57.975,1.90455,1.90484,1.00,1.00
2016.03.14 12:02:59.322,1.90454,1.90484,1.00,1.00
2016.03.14 12:03:01.336,1.90452,1.90484,1.00,1.00
2016.03.14 12:03:02.341,1.90449,1.90484,1.37,1.00
2016.03.14 12:03:02.392,1.90449,1.90481,1.37,1.00
2016.03.14 12:03:02.444,1.90446,1.90481,1.87,1.87
2016.03.14 12:03:02.848,1.90453,1.90481,1.00,1.00
2016.03.14 12:03:02.962,1.90449,1.90481,1.00,1.00
2016.03.14 12:03:04.297,1.90448,1.90481,1.00,1.00
2016.03.14 12:03:05.828,1.90446,1.90481,1.87,1.00
2016.03.14 12:03:07.008,1.90446,1.90473,1.00,1.00
2016.03.14 12:03:07.160,1.90431,1.90467,2.70,1.50
2016.03.14 12:03:07.261,1.90432,1.90467,1.00,2.25
2016.03.14 12:03:07.866,1.90431,1.90465,1.12,1.00
2016.03.14 12:03:08.168,1.90433,1.90467,1.47,2.25
2016.03.14 12:03:08.320,1.90436,1.90468,1.37,1.00
2016.03.14 12:03:08.370,1.90445,1.90475,1.00,1.00
2016.03.14 12:03:08.472,1.90437,1.90474,1.00,1.00
2016.03.14 12:03:08.522,1.90436,1.90471,3.00,1.00
2016.03.14 12:03:08.826,1.9044,1.90471,1.00,1.50
2016.03.14 12:03:08.928,1.90441,1.90474,1.00,1.87
2016.03.14 12:03:09.332,1.90445,1.90474,1.00,1.12
2016.03.14 12:03:09.484,1.90441,1.90474,1.12,1.12
2016.03.14 12:03:09.813,1.90439,1.9047,1.00,1.50
2016.03.14 12:03:09.915,1.90437,1.90469,1.00,1.00
2016.03.14 12:03:10.989,1.90435,1.90463,1.00,1.00
2016.03.14 12:03:11.242,1.90432,1.90465,1.75,1.00
2016.03.14 12:03:12.028,1.90432,1.90465,1.00,1.00
2016.03.14 12:03:12.179,1.90432,1.90465,1.37,1.50
2016.03.14 12:03:12.533,1.90436,1.90468,1.00,1.50
2016.03.14 12:03:12.863,1.90433,1.90468,1.00,1.50
2016.03.14 12:03:13.082,1.90435,1.9047,1.00,2.25
2016.03.14 12:03:13.385,1.90441,1.90471,1.00,1.75
2016.03.14 12:03:13.537,1.90441,1.90476,1.12,1.00
2016.03.14 12:03:13.890,1.90441,1.90476,1.37,1.87
2016.03.14 12:03:14.438,1.90435,1.9047,3.75,1.00
2016.03.14 12:03:14.942,1.90435,1.9047,3.75,1.00
2016.03.14 12:03:15.606,1.90435,1.9047,2.62,1.00
2016.03.14 12:03:16.217,1.90435,1.9047,2.62,1.00
2016.03.14 12:03:16.497,1.90437,1.90472,1.00,1.00
2016.03.14 12:03:16.800,1.9044,1.90474,1.00,1.50
2016.03.14 12:03:17.905,1.9044,1.90474,1.37,1.50
2016.03.14 12:03:18.316,1.90438,1.90474,1.00,1.50
2016.03.14 12:03:18.366,1.90437,1.90472,1.12,1.00
2016.03.14 12:03:18.669,1.90439,1.90469,1.00,1.87
2016.03.14 12:03:18.720,1.90432,1.90466,1.00,1.50
2016.03.14 12:03:18.771,1.90432,1.90463,1.00,1.00
2016.03.14 12:03:19.275,1.90431,1.90463,1.00,1.50
2016.03.14 12:03:19.671,1.90431,1.9046,1.00,1.00
2016.03.14 12:03:20.917,1.90425,1.9046,1.37,1.87
2016.03.14 12:03:21.449,1.90425,1.9046,1.37,1.87
2016.03.14 12:03:22.110,1.90425,1.90459,1.37,1.00
2016.03.14 12:03:22.429,1.90428,1.9046,1.37,1.00
2016.03.14 12:03:22.480,1.90429,1.90463,1.37,1.50
2016.03.14 12:03:22.587,1.9043,1.90465,1.37,1.12
2016.03.14 12:03:23.101,1.9043,1.90466,1.37,1.50
2016.03.14 12:03:23.612,1.9043,1.90465,2.25,1.12
2016.03.14 12:03:23.864,1.90436,1.90469,1.12,1.00
2016.03.14 12:03:23.915,1.90436,1.90472,1.12,1.12
2016.03.14 12:03:23.966,1.90437,1.90472,1.37,1.87
2016.03.14 12:03:24.117,1.90439,1.90474,1.12,2.25
2016.03.14 12:03:24.674,1.90439,1.90474,1.50,2.25
2016.03.14 12:03:25.186,1.90439,1.90474,2.25,1.50
2016.03.14 12:03:25.689,1.90439,1.90474,2.25,1.50
2016.03.14 12:03:26.191,1.9044,1.90477,1.75,1.50
2016.03.14 12:03:26.509,1.90444,1.90478,1.00,1.75
2016.03.14 12:03:26.844,1.90448,1.90479,1.00,1.75
2016.03.14 12:03:27.046,1.90443,1.90478,1.50,1.75
2016.03.14 12:03:27.500,1.9044,1.90476,3.00,1.12
2016.03.14 12:03:28.155,1.90442,1.90477,1.00,1.50
2016.03.14 12:03:28.256,1.9044,1.90477,2.25,1.50
2016.03.14 12:03:28.609,1.90442,1.90478,1.00,1.75
2016.03.14 12:03:34.556,1.90442,1.90475,1.00,1.00
2016.03.14 12:03:35.409,1.90443,1.90475,1.37,1.00
2016.03.14 12:03:35.755,1.90442,1.90475,1.00,1.00
2016.03.14 12:03:36.309,1.90441,1.90475,1.00,1.00
2016.03.14 12:03:37.862,1.9044,1.90475,1.00,1.50
2016.03.14 12:03:37.963,1.90439,1.90473,1.50,1.00
2016.03.14 12:03:38.107,1.90439,1.90475,1.87,1.50
2016.03.14 12:03:39.044,1.9044,1.90473,1.37,1.00
2016.03.14 12:03:39.347,1.90434,1.90467,1.00,2.25
2016.03.14 12:03:39.870,1.90433,1.90467,1.00,1.75
2016.03.14 12:03:40.792,1.90431,1.90467,1.12,3.75
2016.03.14 12:03:41.325,1.90431,1.90464,1.12,1.00
2016.03.14 12:03:42.019,1.90431,1.90464,1.37,1.00
2016.03.14 12:03:42.120,1.90434,1.90464,1.00,1.00
2016.03.14 12:03:42.781,1.90434,1.90467,1.00,3.00
2016.03.14 12:03:46.543,1.90434,1.90467,1.37,2.25
2016.03.14 12:03:46.706,1.90434,1.90467,1.00,2.25
2016.03.14 12:03:48.619,1.90433,1.90465,1.00,1.12
2016.03.14 12:03:48.720,1.9043,1.90465,1.50,1.12
2016.03.14 12:03:48.821,1.90434,1.90465,1.00,1.12
2016.03.14 12:03:49.040,1.90432,1.90465,1.00,1.12
2016.03.14 12:03:49.565,1.90433,1.90465,1.00,1.12
2016.03.14 12:03:50.269,1.90444,1.90465,1.00,1.12
2016.03.14 12:03:50.522,1.90441,1.9047,1.09,2.25
2016.03.14 12:03:50.573,1.90441,1.9047,1.46,1.75
2016.03.14 12:03:50.625,1.90444,1.90474,1.37,1.00
2016.03.14 12:03:50.676,1.90444,1.90476,1.00,1.00
2016.03.14 12:03:50.727,1.90444,1.90476,1.37,1.00
2016.03.14 12:03:51.030,1.90444,1.90479,2.96,1.00
2016.03.14 12:03:51.084,1.90444,1.90479,1.00,1.50
2016.03.14 12:03:51.286,1.90445,1.90479,1.00,1.34
2016.03.14 12:03:51.791,1.90444,1.90478,1.12,1.84
2016.03.14 12:03:52.285,1.90445,1.90471,1.00,1.00
2016.03.14 12:03:52.386,1.90438,1.90471,1.37,1.00
2016.03.14 12:03:52.891,1.9044,1.9047,1.00,1.00
2016.03.14 12:03:53.792,1.9044,1.9047,1.37,1.00
2016.03.14 12:03:53.893,1.9044,1.90473,1.37,1.00
2016.03.14 12:03:53.995,1.90449,1.90474,1.00,1.00
2016.03.14 12:03:54.045,1.90449,1.90476,1.00,1.50
2016.03.14 12:03:54.348,1.90454,1.9048,1.00,1.00
2016.03.14 12:03:54.500,1.90456,1.90484,1.00,1.12
2016.03.14 12:03:54.551,1.90451,1.90481,1.00,1.00
2016.03.14 12:03:55.215,1.9045,1.90481,1.00,1.00
2016.03.14 12:03:56.654,1.9045,1.9048,1.00,1.00
2016.03.14 12:03:57.108,1.90446,1.90479,1.37,1.00
2016.03.14 12:03:57.261,1.90449,1.90473,1.00,1.00
2016.03.14 12:03:57.312,1.90439,1.90473,1.87,1.00
2016.03.14 12:03:57.362,1.90439,1.90469,1.87,1.00
2016.03.14 12:03:57.859,1.90445,1.90471,1.00,1.50
2016.03.14 12:03:59.180,1.90445,1.90471,1.00,1.00
2016.03.14 12:03:59.483,1.90445,1.90473,1.84,1.00
2016.03.14 12:03:59.584,1.9045,1.90479,1.87,1.00
2016.03.14 12:03:59.685,1.9045,1.90472,1.00,1.00
2016.03.14 12:03:59.736,1.90445,1.90472,1.12,1.00
2016.03.14 12:03:59.787,1.90444,1.90476,1.37,1.00
2016.03.14 12:03:59.837,1.90441,1.90473,1.37,1.12
2016.03.14 12:04:00.090,1.90434,1.90465,1.37,1.00
2016.03.14 12:04:00.722,1.90433,1.90465,1.00,1.00
2016.03.14 12:04:00.823,1.90437,1.90465,1.00,1.00
2016.03.14 12:04:01.176,1.90435,1.90464,1.00,1.00
2016.03.14 12:04:01.227,1.90435,1.90462,1.00,1.00
2016.03.14 12:04:01.530,1.90433,1.90459,1.00,1.00
2016.03.14 12:04:02.165,1.90428,1.90458,1.00,1.10
2016.03.14 12:04:02.216,1.90428,1.90454,1.00,1.50
2016.03.14 12:04:02.267,1.90422,1.90453,1.37,1.10
2016.03.14 12:04:02.318,1.90422,1.90449,1.00,1.00
2016.03.14 12:04:02.620,1.90421,1.90445,1.00,1.50
2016.03.14 12:04:02.721,1.90416,1.90442,1.00,1.00
2016.03.14 12:04:02.772,1.90416,1.90442,1.00,2.32
2016.03.14 12:04:02.992,1.90411,1.90438,1.00,1.00
2016.03.14 12:04:03.699,1.9041,1.90438,1.00,1.00
2016.03.14 12:04:04.141,1.90407,1.90436,1.00,1.00
2016.03.14 12:04:04.682,1.90406,1.90435,1.00,1.00
2016.03.14 12:04:04.834,1.90404,1.90432,1.12,1.00
2016.03.14 12:04:04.935,1.90402,1.90435,1.37,1.00
2016.03.14 12:04:05.394,1.90406,1.90435,1.00,1.50
2016.03.14 12:04:06.230,1.90413,1.90435,1.00,1.00
2016.03.14 12:04:06.482,1.90411,1.9044,1.00,1.50
2016.03.14 12:04:06.583,1.90413,1.90442,1.00,1.75
2016.03.14 12:04:06.902,1.90411,1.90442,1.00,1.75
2016.03.14 12:04:07.158,1.90408,1.90442,1.00,2.25
2016.03.14 12:04:07.331,1.9041,1.90442,1.00,2.25
2016.03.14 12:04:08.430,1.90408,1.90439,1.00,1.12
2016.03.14 12:04:08.582,1.90404,1.90439,1.00,1.12
2016.03.14 12:04:08.633,1.90404,1.90438,1.37,1.37
2016.03.14 12:04:10.168,1.90399,1.90435,1.75,1.50
2016.03.14 12:04:10.420,1.90402,1.90439,1.50,1.87
2016.03.14 12:04:10.503,1.90402,1.90439,1.87,1.50
2016.03.14 12:04:10.555,1.90402,1.90437,1.00,1.50
2016.03.14 12:04:10.868,1.90398,1.90431,1.37,1.00
2016.03.14 12:04:11.521,1.90398,1.90433,1.87,1.00
2016.03.14 12:04:11.622,1.90398,1.90433,1.00,1.00
2016.03.14 12:04:12.174,1.90398,1.90434,1.37,1.00
2016.03.14 12:04:12.676,1.90401,1.90434,1.00,1.00
2016.03.14 12:04:13.116,1.90401,1.90427,1.00,1.00
2016.03.14 12:04:13.630,1.90401,1.90426,1.00,1.00
2016.03.14 12:04:13.933,1.90401,1.9043,1.00,1.57
2016.03.14 12:04:14.286,1.90399,1.9043,1.12,1.00
2016.03.14 12:04:14.361,1.90399,1.90427,1.12,1.10
2016.03.14 12:04:14.614,1.90396,1.90426,1.00,1.00
2016.03.14 12:04:14.734,1.90398,1.90426,1.00,1.00
2016.03.14 12:04:14.937,1.90395,1.90426,1.37,1.00
2016.03.14 12:04:15.743,1.90395,1.90425,1.37,1.00
2016.03.14 12:04:16.750,1.90393,1.90426,1.37,1.50
2016.03.14 12:04:17.258,1.90395,1.90425,1.00,1.50
2016.03.14 12:04:17.470,1.904,1.90426,1.00,1.00
2016.03.14 12:04:17.622,1.90397,1.90434,1.37,1.12
2016.03.14 12:04:17.774,1.90397,1.90434,1.87,1.00
2016.03.14 12:04:17.948,1.904,1.90435,1.00,1.00
2016.03.14 12:04:18.049,1.90399,1.90431,1.00,1.00
2016.03.14 12:04:18.251,1.90396,1.90431,1.00,1.00
2016.03.14 12:04:18.887,1.90396,1.9043,1.00,1.00
2016.03.14 12:04:19.554,1.90396,1.90431,1.00,1.00
2016.03.14 12:04:20.142,1.90396,1.90427,1.00,1.00
2016.03.14 12:04:20.458,1.90389,1.90424,1.87,1.00
2016.03.14 12:04:20.560,1.9039,1.90427,1.37,3.07
2016.03.14 12:04:20.675,1.90395,1.90427,1.12,2.32
2016.03.14 12:04:21.129,1.90393,1.90426,1.00,1.50
2016.03.14 12:04:21.864,1.90389,1.90421,1.00,1.00
2016.03.14 12:04:22.268,1.90385,1.9042,1.12,1.50
2016.03.14 12:04:22.520,1.90387,1.9042,1.00,1.00
2016.03.14 12:04:22.968,1.90385,1.9042,1.00,1.37
2016.03.14 12:04:23.272,1.90385,1.90412,1.00,1.00
2016.03.14 12:04:23.524,1.90376,1.90408,1.00,1.50
2016.03.14 12:04:23.575,1.90376,1.90402,1.00,1.12
2016.03.14 12:04:24.080,1.90375,1.90399,1.00,1.00
2016.03.14 12:04:24.384,1.90354,1.90391,1.37,2.62
2016.03.14 12:04:24.586,1.90356,1.90391,1.50,1.00
2016.03.14 12:04:24.637,1.90366,1.90395,1.00,1.00
2016.03.14 12:04:25.141,1.90365,1.90395,1.00,1.00
2016.03.14 12:04:25.640,1.9036,1.90395,1.00,1.12
2016.03.14 12:04:27.240,1.90365,1.90395,1.00,1.00
2016.03.14 12:04:27.855,1.90365,1.90394,1.00,1.00
2016.03.14 12:04:28.281,1.90365,1.90398,1.00,1.75
2016.03.14 12:04:28.456,1.90362,1.90397,1.00,1.50
2016.03.14 12:04:29.261,1.90365,1.90399,1.00,3.07
2016.03.14 12:04:30.015,1.90363,1.90399,1.00,2.25
2016.03.14 12:04:30.217,1.90368,1.90399,1.00,1.75
2016.03.14 12:04:30.469,1.90363,1.90399,1.00,2.25
2016.03.14 12:04:32.125,1.90368,1.90398,1.00,2.32
2016.03.14 12:04:32.226,1.90369,1.90398,1.12,1.10
2016.03.14 12:04:32.419,1.90374,1.90399,1.00,1.00
2016.03.14 12:04:32.824,1.90374,1.90402,1.00,1.57
2016.03.14 12:04:33.325,1.90374,1.90401,1.00,1.00
2016.03.14 12:04:34.251,1.90374,1.90402,1.00,1.10
2016.03.14 12:04:34.302,1.90382,1.90404,1.37,1.00
2016.03.14 12:04:34.404,1.90379,1.90406,1.00,1.00
2016.03.14 12:04:34.455,1.90379,1.90409,1.00,1.10
2016.03.14 12:04:34.505,1.90379,1.90407,1.00,1.10
2016.03.14 12:04:34.758,1.90372,1.90404,1.00,1.10
2016.03.14 12:04:34.809,1.90372,1.904,1.00,1.10
2016.03.14 12:04:35.184,1.90372,1.90398,1.00,1.10
2016.03.14 12:04:35.285,1.90372,1.904,1.00,1.57
2016.03.14 12:04:35.336,1.90368,1.904,1.00,1.57
2016.03.14 12:04:35.841,1.90371,1.90401,1.00,1.00
2016.03.14 12:04:36.200,1.90369,1.90399,1.37,1.10
2016.03.14 12:04:36.541,1.90372,1.90399,1.00,1.00
2016.03.14 12:04:36.995,1.90371,1.90396,1.00,1.10
2016.03.14 12:04:37.096,1.90372,1.90399,1.00,1.00
2016.03.14 12:04:37.147,1.90376,1.90399,1.00,1.00
2016.03.14 12:04:37.651,1.90376,1.90404,1.00,1.95
2016.03.14 12:04:37.702,1.90376,1.904,1.00,1.10
2016.03.14 12:04:37.954,1.90369,1.90398,1.00,1.10
2016.03.14 12:04:38.106,1.90369,1.90395,1.00,1.10
2016.03.14 12:04:38.257,1.90366,1.90395,1.00,1.10
2016.03.14 12:04:39.076,1.90366,1.90394,1.00,1.00
2016.03.14 12:04:39.127,1.90364,1.90393,1.00,1.10
2016.03.14 12:04:39.379,1.90367,1.90393,1.00,1.10
2016.03.14 12:04:39.631,1.90372,1.90403,1.37,1.50
2016.03.14 12:04:39.683,1.90377,1.90404,1.00,1.75
2016.03.14 12:04:40.204,1.9037,1.90399,1.00,1.10
2016.03.14 12:04:40.305,1.90368,1.90399,1.00,1.10
2016.03.14 12:04:40.406,1.90367,1.90396,1.00,1.10
2016.03.14 12:04:40.911,1.90366,1.90396,1.00,1.10
2016.03.14 12:04:41.314,1.90366,1.90399,1.12,1.00
2016.03.14 12:04:41.365,1.90371,1.90399,1.00,1.00
2016.03.14 12:04:41.668,1.90371,1.90396,1.00,1.10
2016.03.14 12:04:41.870,1.90367,1.90396,1.00,1.10
2016.03.14 12:04:42.787,1.90367,1.90394,1.00,1.10
2016.03.14 12:04:43.409,1.90366,1.90394,1.87,1.10
2016.03.14 12:04:43.762,1.90371,1.90395,1.00,1.10
2016.03.14 12:04:44.219,1.90368,1.90394,1.00,1.20
2016.03.14 12:04:45.522,1.90369,1.90396,1.00,1.85
2016.03.14 12:04:45.927,1.90369,1.90391,1.00,1.10
2016.03.14 12:04:46.629,1.90368,1.90389,1.00,1.10
2016.03.14 12:04:46.831,1.90362,1.90388,1.50,1.10
2016.03.14 12:04:47.335,1.90361,1.90385,1.37,1.10
2016.03.14 12:04:47.436,1.90362,1.90392,1.12,1.10
2016.03.14 12:04:47.487,1.90367,1.90392,1.00,1.10
2016.03.14 12:04:48.544,1.90367,1.90391,1.00,1.10
2016.03.14 12:04:48.595,1.90364,1.90391,1.00,1.57
2016.03.14 12:04:48.646,1.90364,1.90387,1.00,1.10
2016.03.14 12:04:48.696,1.90362,1.90387,1.00,1.10
2016.03.14 12:04:48.797,1.90362,1.90391,1.00,1.10
2016.03.14 12:04:49.791,1.90362,1.90391,1.37,1.10
2016.03.14 12:04:50.105,1.90373,1.90396,1.00,1.10
2016.03.14 12:04:50.256,1.9037,1.90396,1.37,1.10
2016.03.14 12:04:50.747,1.90372,1.904,1.00,1.10
2016.03.14 12:04:50.798,1.90372,1.90404,1.00,1.10
2016.03.14 12:04:50.849,1.90372,1.90404,1.37,1.10
2016.03.14 12:04:51.152,1.90382,1.90402,1.00,1.10
2016.03.14 12:04:51.253,1.9037,1.90396,1.00,1.10
2016.03.14 12:04:51.758,1.9037,1.90395,1.00,1.10
2016.03.14 12:04:51.809,1.90366,1.90395,1.87,1.10
2016.03.14 12:04:52.116,1.90369,1.90395,1.00,1.10
2016.03.14 12:04:52.318,1.90369,1.904,1.00,2.32
2016.03.14 12:04:52.369,1.90373,1.904,1.00,2.32
2016.03.14 12:04:52.806,1.90368,1.90399,1.00,1.75
2016.03.14 12:04:53.323,1.90367,1.90399,1.50,1.75
2016.03.14 12:04:54.200,1.90371,1.904,1.00,1.85
2016.03.14 12:04:54.301,1.90372,1.90401,1.00,1.10
2016.03.14 12:04:54.805,1.90371,1.90403,1.50,1.50
2016.03.14 12:04:55.262,1.90366,1.90402,1.50,1.12
2016.03.14 12:04:55.361,1.9037,1.90404,1.50,1.87
2016.03.14 12:04:55.412,1.90372,1.90407,1.37,1.50
2016.03.14 12:04:55.514,1.90374,1.9041,1.37,1.00
2016.03.14 12:04:55.616,1.90374,1.90411,1.37,2.25
2016.03.14 12:04:55.969,1.90378,1.90411,1.50,1.00
2016.03.14 12:04:56.172,1.90382,1.90412,1.00,1.57
2016.03.14 12:04:56.438,1.90377,1.90412,1.37,3.07
2016.03.14 12:04:58.208,1.90377,1.90412,1.12,1.50
2016.03.14 12:04:58.410,1.90378,1.90413,1.37,1.75
2016.03.14 12:04:58.712,1.90382,1.90413,1.00,1.75
2016.03.14 12:04:59.148,1.90386,1.90416,1.00,1.75
2016.03.14 12:04:59.199,1.90386,1.90419,1.00,3.07
2016.03.14 12:04:59.251,1.90386,1.90419,1.00,2.32
2016.03.14 12:04:59.403,1.90381,1.90416,1.87,1.00
2016.03.14 12:04:59.939,1.90381,1.90415,1.12,1.10
2016.03.14 12:05:00.142,1.90378,1.90411,1.37,1.12
2016.03.14 12:05:00.193,1.90378,1.90411,1.00,1.12
2016.03.14 12:05:00.295,1.90378,1.90409,1.00,1.37
2016.03.14 12:05:00.799,1.90377,1.90409,1.00,1.75
2016.03.14 12:05:00.951,1.90374,1.90408,1.87,1.50
2016.03.14 12:05:01.106,1.90371,1.90408,1.00,2.62
2016.03.14 12:05:01.661,1.9037,1.90406,1.00,1.12
2016.03.14 12:05:02.869,1.90368,1.90406,1.87,1.12
2016.03.14 12:05:03.222,1.90369,1.90402,1.00,1.00
2016.03.14 12:05:03.525,1.90367,1.90399,1.50,1.84
2016.03.14 12:05:03.678,1.90362,1.90393,1.50,1.12
2016.03.14 12:05:04.598,1.90358,1.90393,1.00,1.87
2016.03.14 12:05:04.898,1.90357,1.90388,1.00,1.10
2016.03.14 12:05:05.202,1.90357,1.90387,1.12,1.75
2016.03.14 12:05:05.555,1.90355,1.90386,1.12,1.50
2016.03.14 12:05:05.858,1.90359,1.90387,1.00,1.75
2016.03.14 12:05:06.393,1.90358,1.90386,1.00,1.50
2016.03.14 12:05:07.656,1.90355,1.90387,1.00,1.75
2016.03.14 12:05:07.757,1.90355,1.90387,1.37,1.75
2016.03.14 12:05:08.060,1.9036,1.90387,1.00,1.75
2016.03.14 12:05:08.161,1.90358,1.90387,1.00,1.75
2016.03.14 12:05:08.313,1.90355,1.90386,1.37,1.50
2016.03.14 12:05:08.616,1.90358,1.90384,1.00,1.20
2016.03.14 12:05:08.833,1.90355,1.90384,1.00,1.20
2016.03.14 12:05:09.152,1.90352,1.90385,1.50,1.47
2016.03.14 12:05:09.509,1.90354,1.90384,1.00,1.85
2016.03.14 12:05:10.820,1.9035,1.90386,1.37,1.85
2016.03.14 12:05:10.921,1.90353,1.90385,1.00,1.85
2016.03.14 12:05:11.239,1.90351,1.90385,1.00,1.85
2016.03.14 12:05:12.376,1.90354,1.90382,1.00,1.75
2016.03.14 12:05:12.477,1.90354,1.90389,1.37,3.00
2016.03.14 12:05:12.528,1.90354,1.90389,1.37,2.62
2016.03.14 12:05:12.579,1.9036,1.90389,1.00,1.50
2016.03.14 12:05:12.941,1.90356,1.90388,1.00,1.10
2016.03.14 12:05:13.482,1.90355,1.90388,1.00,1.00
2016.03.14 12:05:13.835,1.90355,1.90387,1.00,1.47
2016.03.14 12:05:14.991,1.90351,1.90388,1.87,2.32
2016.03.14 12:05:15.344,1.90353,1.90388,1.37,1.75
2016.03.14 12:05:15.487,1.90355,1.90389,1.00,1.37
2016.03.14 12:05:15.538,1.90353,1.90389,1.00,1.37
2016.03.14 12:05:16.545,1.90352,1.90389,1.00,2.70
2016.03.14 12:05:16.647,1.90351,1.90386,1.12,1.10
2016.03.14 12:05:17.166,1.90352,1.90388,1.37,1.12
2016.03.14 12:05:17.482,1.90361,1.90389,1.00,1.00
2016.03.14 12:05:17.533,1.90358,1.90389,1.37,1.00
2016.03.14 12:05:18.051,1.90354,1.90389,1.50,1.12
2016.03.14 12:05:18.432,1.90353,1.90387,1.00,1.10
2016.03.14 12:05:18.751,1.90353,1.90389,1.37,1.12
2016.03.14 12:05:19.500,1.90353,1.90388,1.00,1.00
2016.03.14 12:05:20.150,1.90356,1.90388,1.00,2.32
2016.03.14 12:05:20.453,1.90354,1.90389,1.37,1.12
2016.03.14 12:05:20.605,1.90364,1.90394,1.00,1.12
2016.03.14 12:05:20.857,1.9036,1.90392,1.00,1.10
2016.03.14 12:05:20.958,1.90356,1.9039,1.12,1.20
2016.03.14 12:05:21.166,1.90358,1.90392,1.00,1.57
2016.03.14 12:05:22.459,1.90356,1.90389,1.00,1.10
2016.03.14 12:05:22.975,1.90356,1.90391,1.00,1.47
2016.03.14 12:05:23.678,1.90357,1.90394,1.00,3.00
2016.03.14 12:05:24.879,1.90361,1.90393,1.37,1.37
2016.03.14 12:05:25.081,1.90375,1.90408,1.00,1.00
2016.03.14 12:05:25.132,1.90377,1.90408,1.00,1.00
2016.03.14 12:05:25.586,1.90375,1.90407,1.00,1.00
2016.03.14 12:05:25.788,1.90368,1.90402,1.75,1.00
2016.03.14 12:05:25.889,1.90368,1.90402,1.00,1.00
2016.03.14 12:05:26.095,1.9037,1.90404,1.00,1.50
2016.03.14 12:05:26.397,1.90368,1.90401,1.00,1.00
2016.03.14 12:05:26.700,1.90374,1.90404,1.00,1.00
2016.03.14 12:05:27.003,1.90377,1.90411,1.12,1.00
2016.03.14 12:05:27.054,1.90377,1.90408,1.12,1.00
2016.03.14 12:05:27.401,1.90374,1.90404,1.00,1.00
2016.03.14 12:05:27.603,1.9037,1.90401,1.00,1.00
2016.03.14 12:05:27.771,1.90367,1.90401,1.00,1.00
2016.03.14 12:05:28.303,1.90367,1.90401,1.37,1.50
2016.03.14 12:05:28.881,1.90367,1.90401,1.00,1.50
2016.03.14 12:05:29.207,1.90369,1.90401,1.00,2.25
2016.03.14 12:05:29.409,1.90365,1.90401,1.00,3.00
2016.03.14 12:05:31.065,1.90369,1.90401,1.00,1.50
2016.03.14 12:05:31.417,1.90371,1.90401,1.12,2.25
2016.03.14 12:05:34.431,1.90371,1.90406,1.37,1.75
2016.03.14 12:05:34.532,1.90377,1.90408,1.00,1.50
2016.03.14 12:05:34.684,1.90373,1.90407,1.00,1.00
2016.03.14 12:05:35.132,1.9037,1.90405,1.50,1.00
2016.03.14 12:05:35.234,1.90373,1.90405,1.00,1.00
2016.03.14 12:05:35.385,1.90373,1.90407,1.00,1.87
2016.03.14 12:05:35.487,1.90375,1.90407,1.00,1.87
2016.03.14 12:05:35.589,1.90371,1.90407,1.00,3.37
2016.03.14 12:05:35.640,1.90371,1.90403,1.00,1.00
2016.03.14 12:05:35.691,1.90369,1.90403,1.00,1.37
2016.03.14 12:05:35.893,1.90372,1.90402,1.00,1.00
2016.03.14 12:05:36.030,1.9037,1.90405,1.00,1.37
2016.03.14 12:05:36.082,1.9037,1.90405,1.00,1.00
2016.03.14 12:05:36.437,1.90372,1.90406,1.00,1.12
2016.03.14 12:05:36.538,1.90375,1.9041,1.00,1.87
2016.03.14 12:05:36.741,1.90375,1.90407,1.00,1.00
2016.03.14 12:05:37.044,1.90373,1.90403,1.00,1.00
2016.03.14 12:05:37.146,1.90365,1.90396,1.00,1.00
2016.03.14 12:05:37.222,1.90362,1.90396,1.50,1.00
2016.03.14 12:05:37.576,1.90364,1.904,1.00,1.50
2016.03.14 12:05:38.053,1.90364,1.90398,1.00,1.10
2016.03.14 12:05:38.356,1.90361,1.90396,1.50,1.00
2016.03.14 12:05:39.900,1.90361,1.90396,1.12,2.25
2016.03.14 12:05:40.001,1.90361,1.90393,1.00,1.00
2016.03.14 12:05:40.203,1.90361,1.90395,1.00,1.12
2016.03.14 12:05:40.368,1.90361,1.90392,1.00,1.00
2016.03.14 12:05:40.621,1.90361,1.90394,1.00,1.00
2016.03.14 12:05:41.170,1.90361,1.90393,1.00,1.00
2016.03.14 12:05:41.271,1.90361,1.90396,1.00,1.50
2016.03.14 12:05:41.723,1.90361,1.90393,1.00,1.00
2016.03.14 12:05:42.177,1.90361,1.90395,1.00,1.12
2016.03.14 12:05:42.779,1.90361,1.90394,1.00,1.00
2016.03.14 12:05:43.031,1.90358,1.90393,1.12,1.00
2016.03.14 12:05:43.082,1.90358,1.9039,1.12,1.10
2016.03.14 12:05:43.619,1.90357,1.90389,1.00,1.00
2016.03.14 12:05:48.754,1.90353,1.90389,1.50,1.00
2016.03.14 12:05:48.906,1.90356,1.90389,1.00,1.00
2016.03.14 12:05:50.309,1.90358,1.90389,1.00,1.00
2016.03.14 12:05:51.219,1.90357,1.9039,1.12,1.37
2016.03.14 12:05:51.793,1.90357,1.9039,1.12,1.00
2016.03.14 12:05:53.272,1.90354,1.90389,1.75,1.00
2016.03.14 12:05:54.585,1.90353,1.90388,1.75,1.00
2016.03.14 12:05:54.787,1.90353,1.90388,1.00,1.12
2016.03.14 12:05:56.242,1.90353,1.90389,1.87,1.47
2016.03.14 12:05:56.343,1.90358,1.9039,1.37,1.12
2016.03.14 12:05:56.494,1.90361,1.90394,1.00,2.32
2016.03.14 12:05:57.446,1.90361,1.90396,1.50,1.37
2016.03.14 12:05:57.648,1.90363,1.90398,1.37,1.50
2016.03.14 12:05:57.951,1.90372,1.90401,1.00,1.00
2016.03.14 12:05:58.254,1.90365,1.90399,2.25,1.50
2016.03.14 12:05:58.557,1.90365,1.90397,1.75,1.12
2016.03.14 12:05:59.448,1.90366,1.904,1.75,1.00
2016.03.14 12:05:59.639,1.90366,1.90397,1.75,1.00
2016.03.14 12:06:00.208,1.90365,1.904,2.25,1.00
2016.03.14 12:06:00.309,1.90374,1.90408,1.00,2.62
2016.03.14 12:06:00.461,1.90375,1.90411,2.25,1.00
2016.03.14 12:06:00.767,1.90376,1.90409,1.75,1.00
2016.03.14 12:06:00.869,1.90377,1.90411,1.50,1.00
2016.03.14 12:06:01.086,1.90376,1.90409,1.75,1.00
2016.03.14 12:06:01.362,1.90376,1.90409,1.00,1.12
2016.03.14 12:06:01.413,1.90376,1.90407,1.00,1.00
2016.03.14 12:06:02.564,1.90375,1.90407,1.50,1.00
2016.03.14 12:06:03.625,1.90375,1.9041,1.50,1.37
2016.03.14 12:06:04.287,1.90377,1.90411,1.00,2.25
2016.03.14 12:06:04.590,1.9038,1.90411,1.00,1.00
2016.03.14 12:06:04.921,1.90384,1.90413,1.00,1.00
2016.03.14 12:06:05.076,1.90382,1.90413,1.00,1.00
2016.03.14 12:06:05.379,1.90379,1.90413,1.12,1.00
2016.03.14 12:06:05.929,1.90382,1.90412,1.00,1.00
2016.03.14 12:06:06.254,1.9038,1.9041,1.00,1.00
2016.03.14 12:06:06.506,1.90373,1.90407,1.00,1.00
2016.03.14 12:06:07.033,1.90374,1.90407,1.00,1.00
2016.03.14 12:06:07.135,1.90378,1.90407,1.00,1.00
2016.03.14 12:06:07.516,1.90374,1.90409,1.75,1.50
2016.03.14 12:06:08.107,1.90373,1.90409,2.25,1.87
2016.03.14 12:06:08.414,1.90373,1.90405,2.25,1.00
2016.03.14 12:06:08.841,1.90373,1.90408,2.25,1.57
2016.03.14 12:06:09.371,1.90373,1.90409,2.25,2.25
2016.03.14 12:06:09.523,1.90373,1.90409,2.25,1.87
2016.03.14 12:06:10.042,1.90373,1.90406,2.25,1.00
2016.03.14 12:06:12.742,1.9037,1.90402,1.12,1.12
2016.03.14 12:06:12.894,1.90367,1.904,1.75,1.12
2016.03.14 12:06:13.198,1.90364,1.90393,1.00,1.00
2016.03.14 12:06:13.350,1.90364,1.90396,1.00,1.00
2016.03.14 12:06:13.652,1.90364,1.90398,1.00,1.00
2016.03.14 12:06:13.877,1.90365,1.904,1.12,2.62
2016.03.14 12:06:14.231,1.90369,1.904,1.00,1.12
2016.03.14 12:06:14.332,1.90369,1.90404,1.50,1.87
2016.03.14 12:06:14.534,1.90366,1.904,2.25,1.00
2016.03.14 12:06:15.116,1.90366,1.90401,3.00,1.00
2016.03.14 12:06:16.403,1.90367,1.90404,1.12,1.50
2016.03.14 12:06:17.524,1.90373,1.90406,1.00,1.00
2016.03.14 12:06:17.777,1.90373,1.90408,1.37,2.62
2016.03.14 12:06:18.282,1.90375,1.90408,1.00,1.00
2016.03.14 12:06:18.832,1.90374,1.90408,1.00,2.62
2016.03.14 12:06:19.501,1.90374,1.90405,1.00,1.10
2016.03.14 12:06:20.036,1.90374,1.90404,1.00,1.00
2016.03.14 12:06:21.383,1.90366,1.904,2.62,1.00
2016.03.14 12:06:21.433,1.90366,1.904,1.87,1.00
2016.03.14 12:06:21.763,1.90366,1.904,1.87,1.00
2016.03.14 12:06:22.288,1.90371,1.90401,1.00,1.10
2016.03.14 12:06:22.823,1.9037,1.904,1.00,1.10
2016.03.14 12:06:23.126,1.90367,1.90398,1.00,1.10
2016.03.14 12:06:23.227,1.90361,1.90392,1.00,1.20
2016.03.14 12:06:23.530,1.90361,1.9039,1.00,1.10
2016.03.14 12:06:24.394,1.90361,1.90389,1.00,1.10
2016.03.14 12:06:24.647,1.90357,1.90389,1.00,1.10
2016.03.14 12:06:24.799,1.9036,1.90389,1.00,1.10
2016.03.14 12:06:24.850,1.9036,1.90391,1.00,1.10
2016.03.14 12:06:25.367,1.9036,1.90394,1.00,2.25
2016.03.14 12:06:27.074,1.9036,1.90394,1.37,1.75
2016.03.14 12:06:27.125,1.90361,1.90396,1.12,1.00
2016.03.14 12:06:27.226,1.90363,1.90398,1.00,1.00
2016.03.14 12:06:27.554,1.90363,1.90398,1.37,2.25
2016.03.14 12:06:27.706,1.90368,1.904,1.12,1.00
2016.03.14 12:06:27.757,1.9037,1.904,1.00,1.00
2016.03.14 12:06:28.160,1.90372,1.904,1.00,1.00
2016.03.14 12:06:28.774,1.90369,1.904,1.00,1.00
2016.03.14 12:06:29.519,1.90368,1.904,1.00,1.00
2016.03.14 12:06:29.721,1.90363,1.90396,1.00,1.00
2016.03.14 12:06:30.226,1.90363,1.90396,1.12,1.37
2016.03.14 12:06:31.780,1.90362,1.90397,1.37,1.50
2016.03.14 12:06:31.831,1.90366,1.90397,1.00,1.50
2016.03.14 12:06:32.033,1.90363,1.90397,1.37,1.50
2016.03.14 12:06:32.559,1.90363,1.90395,1.00,1.12
2016.03.14 12:06:33.097,1.90363,1.90395,1.37,1.12
2016.03.14 12:06:33.399,1.90368,1.90397,1.00,3.00
2016.03.14 12:06:33.801,1.90363,1.90397,1.00,2.25
2016.03.14 12:06:35.712,1.90363,1.90393,1.00,1.00
2016.03.14 12:06:35.763,1.90361,1.90393,1.12,1.00
2016.03.14 12:06:36.268,1.90362,1.90393,1.00,1.00
2016.03.14 12:06:38.976,1.90365,1.90393,1.00,1.50
2016.03.14 12:06:40.735,1.90365,1.90395,1.00,1.12
2016.03.14 12:06:41.608,1.90366,1.90395,1.00,1.12
2016.03.14 12:06:41.810,1.9037,1.90398,1.00,1.75
2016.03.14 12:06:42.038,1.90368,1.90398,1.00,1.75
2016.03.14 12:06:42.939,1.90366,1.90398,1.00,2.32
2016.03.14 12:06:43.892,1.90364,1.90397,1.00,1.57
2016.03.14 12:06:44.673,1.90367,1.90395,1.00,1.00
2016.03.14 12:06:44.724,1.90367,1.90399,1.37,1.50
2016.03.14 12:06:44.927,1.90367,1.90399,1.00,1.95
2016.03.14 12:06:45.331,1.90363,1.90396,1.12,1.00
2016.03.14 12:06:45.685,1.90366,1.90396,1.00,1.00
2016.03.14 12:06:46.639,1.90364,1.90396,1.00,1.00
2016.03.14 12:06:46.791,1.90367,1.90396,1.00,1.00
2016.03.14 12:06:48.510,1.90371,1.90396,1.00,1.00
2016.03.14 12:06:50.820,1.90367,1.90397,1.37,1.00
2016.03.14 12:06:51.126,1.90373,1.90397,1.00,1.00
2016.03.14 12:06:51.951,1.90373,1.90398,1.00,1.00
2016.03.14 12:06:52.271,1.90376,1.90398,1.00,1.00
2016.03.14 12:06:52.799,1.90376,1.90396,1.00,1.00
2016.03.14 12:06:52.850,1.90367,1.90396,1.00,1.12
2016.03.14 12:06:55.230,1.90365,1.90396,1.00,1.95
2016.03.14 12:06:56.008,1.90363,1.90396,1.12,1.95
2016.03.14 12:06:56.210,1.90365,1.90396,1.00,1.12
2016.03.14 12:06:57.317,1.90363,1.90396,1.37,1.12
2016.03.14 12:06:57.569,1.90373,1.90406,1.12,1.00
2016.03.14 12:06:57.671,1.90372,1.90404,1.87,1.00
2016.03.14 12:06:57.993,1.90379,1.90412,1.37,1.00
2016.03.14 12:06:58.506,1.90379,1.90412,1.00,1.00
2016.03.14 12:06:58.859,1.90381,1.90412,1.00,1.00
2016.03.14 12:06:59.364,1.90382,1.90413,1.00,1.00
2016.03.14 12:07:00.785,1.90377,1.90413,3.00,1.37
2016.03.14 12:07:01.291,1.90377,1.90413,2.62,1.00
2016.03.14 12:07:01.795,1.90377,1.90412,2.62,1.00
2016.03.14 12:07:04.379,1.90391,1.90414,1.37,1.00
2016.03.14 12:07:04.594,1.90401,1.90428,1.00,1.00
2016.03.14 12:07:04.838,1.90395,1.90429,1.50,1.00
2016.03.14 12:07:04.990,1.90395,1.90428,1.00,1.37
2016.03.14 12:07:05.293,1.90393,1.90424,1.00,1.00
2016.03.14 12:07:05.797,1.90393,1.90423,1.00,1.00
2016.03.14 12:07:06.306,1.90393,1.90424,1.00,1.00
2016.03.14 12:07:07.318,1.90393,1.90426,1.00,1.00
2016.03.14 12:07:07.369,1.90393,1.90428,1.50,1.00
2016.03.14 12:07:07.621,1.90393,1.9043,1.50,2.25
2016.03.14 12:07:07.672,1.90393,1.9043,1.87,1.50
2016.03.14 12:07:07.975,1.90402,1.90434,1.12,1.00
2016.03.14 12:07:08.378,1.90403,1.90435,1.37,1.00
2016.03.14 12:07:08.900,1.90405,1.90436,1.00,1.00
2016.03.14 12:07:09.205,1.90405,1.9044,1.00,1.50
2016.03.14 12:07:09.737,1.90405,1.90441,1.00,2.25
2016.03.14 12:07:10.241,1.90406,1.90441,1.00,2.25
2016.03.14 12:07:10.548,1.90404,1.90439,1.00,1.00
2016.03.14 12:07:10.800,1.90405,1.90441,1.00,1.50
2016.03.14 12:07:10.851,1.90407,1.90441,1.00,1.50
2016.03.14 12:07:11.540,1.9041,1.90441,1.00,1.50
2016.03.14 12:07:12.166,1.9041,1.90442,1.50,1.00
2016.03.14 12:07:12.615,1.90406,1.90443,1.00,3.00
2016.03.14 12:07:12.716,1.90406,1.90439,1.00,1.00
2016.03.14 12:07:13.217,1.90404,1.90439,1.50,1.00
2016.03.14 12:07:13.617,1.90407,1.90442,1.00,4.50
2016.03.14 12:07:13.920,1.90411,1.90442,1.00,2.25
2016.03.14 12:07:14.273,1.90408,1.90443,1.00,1.75
2016.03.14 12:07:16.380,1.90409,1.90443,1.00,1.75
2016.03.14 12:07:19.108,1.90406,1.90443,1.87,1.75
2016.03.14 12:07:19.544,1.90408,1.90443,1.00,1.75
2016.03.14 12:07:19.602,1.90406,1.90443,1.87,1.75
2016.03.14 12:07:20.343,1.9041,1.90445,1.00,1.75
2016.03.14 12:07:20.444,1.90412,1.90445,1.00,1.00
2016.03.14 12:07:20.495,1.90412,1.90445,1.37,1.00
2016.03.14 12:07:21.188,1.90413,1.90445,1.37,1.00
2016.03.14 12:07:21.390,1.90413,1.90445,1.00,1.00
2016.03.14 12:07:21.441,1.90415,1.90449,1.00,2.70
2016.03.14 12:07:21.542,1.90413,1.90446,1.00,2.25
2016.03.14 12:07:21.947,1.90413,1.90445,1.00,1.00
2016.03.14 12:07:22.860,1.90412,1.90445,1.00,1.00
2016.03.14 12:07:24.519,1.90412,1.90447,1.37,1.00
2016.03.14 12:07:24.620,1.90417,1.9045,1.00,1.85
2016.03.14 12:07:25.162,1.90416,1.90451,1.00,2.25
2016.03.14 12:07:26.300,1.9042,1.90454,1.00,1.75
2016.03.14 12:07:26.351,1.9042,1.90454,1.00,1.12
2016.03.14 12:07:27.228,1.90425,1.90454,1.00,1.12
2016.03.14 12:07:28.108,1.90418,1.90455,2.25,3.00
2016.03.14 12:07:28.159,1.90418,1.90448,1.37,1.00
2016.03.14 12:07:28.210,1.90418,1.90448,1.00,1.00
2016.03.14 12:07:28.261,1.90418,1.9045,1.00,1.37
2016.03.14 12:07:28.362,1.90412,1.90445,1.12,1.00
2016.03.14 12:07:28.916,1.90413,1.90441,1.75,1.00
2016.03.14 12:07:29.118,1.90414,1.90451,1.87,1.00
2016.03.14 12:07:29.746,1.90414,1.9045,1.87,1.00
2016.03.14 12:07:29.847,1.90414,1.90448,1.87,1.00
2016.03.14 12:07:30.200,1.9042,1.90447,1.00,1.00
2016.03.14 12:07:30.452,1.90416,1.90448,1.37,1.50
2016.03.14 12:07:30.879,1.90412,1.90448,2.25,1.00
2016.03.14 12:07:30.980,1.90413,1.9045,1.75,1.12
2016.03.14 12:07:31.503,1.90414,1.90451,1.50,1.00
2016.03.14 12:07:31.554,1.90416,1.90452,1.37,1.50
2016.03.14 12:07:32.058,1.90416,1.90452,1.37,1.00
2016.03.14 12:07:32.606,1.90416,1.90453,1.37,2.25
2016.03.14 12:07:34.564,1.90416,1.90451,1.12,1.00
2016.03.14 12:07:34.867,1.90414,1.90448,1.50,1.00
2016.03.14 12:07:35.175,1.90419,1.90452,1.00,1.00
2016.03.14 12:07:36.169,1.90419,1.90453,1.00,1.00
2016.03.14 12:07:36.473,1.90418,1.9045,1.00,1.00
2016.03.14 12:07:36.727,1.90414,1.90448,1.00,1.12
2016.03.14 12:07:37.046,1.90422,1.90448,1.00,1.12
2016.03.14 12:07:37.248,1.9043,1.90461,1.37,1.50
2016.03.14 12:07:37.450,1.90431,1.90466,1.87,1.50
2016.03.14 12:07:37.602,1.90434,1.90467,1.00,1.00
2016.03.14 12:07:37.905,1.90431,1.90465,1.50,1.00
2016.03.14 12:07:38.338,1.90429,1.90464,1.00,1.00
2016.03.14 12:07:38.597,1.90432,1.90466,1.00,1.87
2016.03.14 12:07:38.716,1.90428,1.90465,1.00,1.00
2016.03.14 12:07:39.341,1.90433,1.90466,1.00,1.87
2016.03.14 12:07:39.908,1.90433,1.90467,1.12,1.00
2016.03.14 12:07:40.231,1.90431,1.90465,1.75,1.00
2016.03.14 12:07:43.308,1.90431,1.90466,1.75,1.00
2016.03.14 12:07:44.489,1.90432,1.90466,1.87,1.00
2016.03.14 12:07:44.539,1.90433,1.90469,1.50,1.12
2016.03.14 12:07:44.590,1.90437,1.9047,1.37,1.50
2016.03.14 12:07:44.691,1.90441,1.90476,1.00,1.37
2016.03.14 12:07:45.207,1.9044,1.90476,1.00,2.25
2016.03.14 12:07:46.416,1.90438,1.90473,1.12,1.00
2016.03.14 12:07:46.820,1.90435,1.9047,2.25,1.00
2016.03.14 12:07:47.919,1.90429,1.90465,2.25,1.00
2016.03.14 12:07:47.970,1.90432,1.90465,1.00,1.00
2016.03.14 12:07:48.021,1.90432,1.90461,1.00,1.00
2016.03.14 12:07:48.072,1.90428,1.90461,1.00,1.00
2016.03.14 12:07:48.280,1.9043,1.90465,1.00,1.87
2016.03.14 12:07:48.583,1.90432,1.90465,1.00,1.50
2016.03.14 12:07:49.611,1.90432,1.90464,1.00,1.00
2016.03.14 12:07:54.495,1.90432,1.90465,1.00,1.00
2016.03.14 12:07:57.627,1.90438,1.90464,1.37,1.00
2016.03.14 12:07:57.728,1.90436,1.90464,1.00,1.00
2016.03.14 12:07:58.738,1.90432,1.90464,1.00,1.00
2016.03.14 12:07:59.243,1.90432,1.90465,1.00,1.87
2016.03.14 12:08:00.745,1.90432,1.90464,1.00,1.00
2016.03.14 12:08:03.755,1.90432,1.90467,1.87,1.00
2016.03.14 12:08:10.127,1.90432,1.90466,1.00,1.00
2016.03.14 12:08:12.134,1.90429,1.90466,1.75,1.00
2016.03.14 12:08:15.200,1.9043,1.90467,1.87,2.25
2016.03.14 12:08:15.882,1.9043,1.90465,1.37,1.00
2016.03.14 12:08:17.610,1.90431,1.90466,1.50,1.50
2016.03.14 12:08:18.736,1.9043,1.90461,1.37,1.00
2016.03.14 12:08:19.367,1.90431,1.90459,1.00,1.00
2016.03.14 12:08:20.266,1.90428,1.90458,1.75,1.00
2016.03.14 12:08:20.659,1.9043,1.90462,1.37,2.25
2016.03.14 12:08:23.540,1.9043,1.90463,1.37,1.00
2016.03.14 12:08:24.180,1.90431,1.90464,1.50,1.00
2016.03.14 12:08:26.104,1.90432,1.90464,1.00,1.00
2016.03.14 12:08:26.614,1.9043,1.90464,1.87,1.00
2016.03.14 12:08:27.122,1.9043,1.90463,1.87,1.00
2016.03.14 12:08:28.593,1.90428,1.90463,1.87,1.00
2016.03.14 12:08:28.895,1.90436,1.90463,1.00,1.00
2016.03.14 12:08:29.298,1.90438,1.90463,1.00,1.00
2016.03.14 12:08:29.408,1.90438,1.90466,1.00,1.37
2016.03.14 12:08:29.928,1.9044,1.90466,1.00,1.37
2016.03.14 12:08:30.080,1.9044,1.90467,1.00,1.00
2016.03.14 12:08:30.823,1.9044,1.9047,1.00,1.87
2016.03.14 12:08:32.912,1.90432,1.90469,1.12,1.00
2016.03.14 12:08:33.114,1.90432,1.90466,1.12,1.00
2016.03.14 12:08:33.513,1.9043,1.90464,1.87,1.00
2016.03.14 12:08:33.564,1.9043,1.90464,1.12,1.12
2016.03.14 12:08:34.143,1.90427,1.90462,1.12,1.00
2016.03.14 12:08:34.647,1.90426,1.90461,1.87,1.57
2016.03.14 12:08:36.225,1.90427,1.90463,1.12,1.57
2016.03.14 12:08:36.427,1.90426,1.90461,1.50,1.00
2016.03.14 12:08:37.230,1.90428,1.90463,1.00,1.00
2016.03.14 12:08:37.332,1.90426,1.90461,1.50,1.00
2016.03.14 12:08:37.737,1.90429,1.90463,1.00,1.00
2016.03.14 12:08:38.284,1.90429,1.90464,1.00,2.70
2016.03.14 12:08:38.587,1.90432,1.90463,1.00,1.10
2016.03.14 12:08:38.638,1.9043,1.90463,1.00,1.57
2016.03.14 12:08:38.844,1.90426,1.9046,2.25,1.00
2016.03.14 12:08:39.147,1.90422,1.90449,1.00,1.00
2016.03.14 12:08:39.198,1.90418,1.90449,1.12,1.00
2016.03.14 12:08:39.249,1.90418,1.90447,1.12,1.00
2016.03.14 12:08:39.552,1.90422,1.9045,1.37,1.00
2016.03.14 12:08:39.864,1.9042,1.9045,1.12,1.00
2016.03.14 12:08:39.914,1.9042,1.9045,1.37,1.00
2016.03.14 12:08:40.066,1.90425,1.90456,1.37,1.37
2016.03.14 12:08:40.168,1.90429,1.90456,1.00,1.37
2016.03.14 12:08:40.644,1.90426,1.90456,1.50,1.00
2016.03.14 12:08:40.746,1.90425,1.90459,1.00,1.00
2016.03.14 12:08:40.948,1.90424,1.90457,1.00,1.00
2016.03.14 12:08:41.302,1.90422,1.90452,1.12,1.00
2016.03.14 12:08:41.504,1.90415,1.9045,1.37,1.10
2016.03.14 12:08:41.635,1.90419,1.90449,1.00,1.57
2016.03.14 12:08:41.938,1.90421,1.90448,1.00,1.00
2016.03.14 12:08:43.055,1.90418,1.90445,1.37,1.00
2016.03.14 12:08:43.359,1.90418,1.90445,1.12,1.37
2016.03.14 12:08:43.410,1.90413,1.90448,1.75,1.00
2016.03.14 12:08:43.461,1.90416,1.90448,1.12,1.00
2016.03.14 12:08:43.563,1.90423,1.90453,1.00,1.57
2016.03.14 12:08:43.715,1.90419,1.90453,1.00,1.00
2016.03.14 12:08:43.766,1.90419,1.90453,1.00,1.95
2016.03.14 12:08:44.087,1.90417,1.90453,1.00,2.32
2016.03.14 12:08:44.824,1.90421,1.90453,1.00,1.75
2016.03.14 12:08:45.803,1.90421,1.90453,1.00,1.00
2016.03.14 12:08:46.820,1.90418,1.90453,1.37,1.50
2016.03.14 12:08:46.922,1.90422,1.90454,1.37,1.12
2016.03.14 12:08:47.168,1.90422,1.90454,1.00,1.12
2016.03.14 12:08:49.133,1.90424,1.90454,1.00,1.12
2016.03.14 12:08:52.719,1.90421,1.90456,1.12,1.50
2016.03.14 12:08:52.769,1.90421,1.90456,1.50,1.50
2016.03.14 12:08:53.039,1.90429,1.90461,1.12,1.00
2016.03.14 12:08:53.089,1.90431,1.90462,1.00,1.00
2016.03.14 12:08:53.393,1.90432,1.90459,1.00,1.00
2016.03.14 12:08:53.853,1.90429,1.90458,1.00,1.00
2016.03.14 12:08:55.166,1.90427,1.90458,1.00,1.50
2016.03.14 12:08:55.711,1.90427,1.90457,1.50,1.10
2016.03.14 12:08:56.313,1.90427,1.90458,1.00,1.50
2016.03.14 12:08:56.972,1.90427,1.90455,1.00,1.00
2016.03.14 12:08:57.023,1.90424,1.90455,1.37,1.00
2016.03.14 12:08:57.174,1.90424,1.90455,1.12,1.37
2016.03.14 12:08:57.519,1.90427,1.90453,1.00,1.00
2016.03.14 12:08:59.551,1.90423,1.90453,1.37,1.00
2016.03.14 12:08:59.602,1.90423,1.90453,1.00,1.00
2016.03.14 12:08:59.653,1.90423,1.9045,1.00,1.34
2016.03.14 12:08:59.905,1.90407,1.90439,1.12,1.46
2016.03.14 12:09:00.007,1.90407,1.90428,1.00,1.00
2016.03.14 12:09:00.108,1.90399,1.90429,1.00,1.09
2016.03.14 12:09:00.259,1.90399,1.90429,1.37,1.75
2016.03.14 12:09:00.411,1.90405,1.90429,1.00,1.00
2016.03.14 12:09:00.527,1.90398,1.90429,1.00,1.00
2016.03.14 12:09:00.578,1.90398,1.90429,1.37,1.00
2016.03.14 12:09:00.679,1.90398,1.90429,1.00,1.00
2016.03.14 12:09:01.186,1.90399,1.9043,1.37,2.62
2016.03.14 12:09:01.338,1.90402,1.90436,1.75,1.12
2016.03.14 12:09:01.389,1.90402,1.90436,1.75,1.12
2016.03.14 12:09:01.439,1.90407,1.90438,1.00,1.75
2016.03.14 12:09:01.641,1.90402,1.90435,1.37,1.00
2016.03.14 12:09:02.045,1.90401,1.90437,1.12,1.87
2016.03.14 12:09:02.147,1.90401,1.90434,1.37,1.00
2016.03.14 12:09:02.299,1.90408,1.90441,1.12,1.00
2016.03.14 12:09:02.400,1.90406,1.90441,2.25,1.00
2016.03.14 12:09:02.501,1.90406,1.90441,2.25,1.00
2016.03.14 12:09:02.552,1.90407,1.90444,1.37,1.50
2016.03.14 12:09:02.653,1.90407,1.90444,1.00,1.87
2016.03.14 12:09:02.704,1.90407,1.90444,1.37,1.50
2016.03.14 12:09:03.041,1.90414,1.90444,1.00,1.50
2016.03.14 12:09:03.307,1.90406,1.90442,1.87,1.00
2016.03.14 12:09:04.031,1.90406,1.90442,1.87,1.00
2016.03.14 12:09:04.550,1.90406,1.90442,1.87,1.00
2016.03.14 12:09:05.455,1.90406,1.90442,1.50,1.00
2016.03.14 12:09:05.906,1.90406,1.90442,1.87,1.00
2016.03.14 12:09:06.475,1.90406,1.90442,2.25,1.00
2016.03.14 12:09:06.627,1.90413,1.90444,1.37,1.00
2016.03.14 12:09:06.829,1.90417,1.90444,1.00,1.00
2016.03.14 12:09:06.981,1.90406,1.90436,1.00,1.00
2016.03.14 12:09:07.031,1.90409,1.90431,1.00,1.00
2016.03.14 12:09:07.133,1.90409,1.90434,1.37,1.00
2016.03.14 12:09:07.537,1.90412,1.9044,1.00,2.25
2016.03.14 12:09:07.940,1.90409,1.9044,1.00,1.75
2016.03.14 12:09:08.467,1.9041,1.90439,1.00,2.32
2016.03.14 12:09:08.618,1.90407,1.90434,1.00,1.00
2016.03.14 12:09:09.119,1.90404,1.90435,1.00,1.12
2016.03.14 12:09:09.372,1.90406,1.90435,1.00,1.12
2016.03.14 12:09:09.473,1.90403,1.90435,1.00,1.12
2016.03.14 12:09:10.784,1.90406,1.90435,1.00,1.95
2016.03.14 12:09:11.087,1.90403,1.90435,1.37,1.12
2016.03.14 12:09:11.630,1.90403,1.90435,1.00,1.12
2016.03.14 12:09:12.104,1.904,1.90435,1.00,2.62
2016.03.14 12:09:12.155,1.904,1.90432,1.00,1.00
2016.03.14 12:09:12.458,1.90404,1.90429,1.37,1.00
2016.03.14 12:09:12.559,1.90408,1.90434,1.00,1.00
2016.03.14 12:09:12.610,1.90408,1.90436,1.00,1.00
2016.03.14 12:09:13.086,1.90406,1.90436,1.12,1.00
2016.03.14 12:09:13.238,1.90403,1.90435,1.00,1.75
2016.03.14 12:09:13.595,1.904,1.90434,1.00,2.25
2016.03.14 12:09:13.646,1.90403,1.90434,1.37,1.00
2016.03.14 12:09:13.849,1.90413,1.90442,1.37,1.00
2016.03.14 12:09:14.101,1.90414,1.90442,1.00,1.12
2016.03.14 12:09:14.202,1.90416,1.90445,1.37,1.12
2016.03.14 12:09:14.354,1.90416,1.90451,1.50,1.87
2016.03.14 12:09:14.506,1.90418,1.90452,1.00,1.87
2016.03.14 12:09:14.744,1.90418,1.90449,1.00,1.00
2016.03.14 12:09:15.047,1.90416,1.90447,1.12,1.00
2016.03.14 12:09:15.351,1.90409,1.90443,1.87,1.00
2016.03.14 12:09:15.887,1.90415,1.90446,1.37,1.50
2016.03.14 12:09:16.139,1.90417,1.90446,1.00,1.00
2016.03.14 12:09:16.190,1.90414,1.90446,1.37,1.00
2016.03.14 12:09:16.442,1.90414,1.90449,1.37,2.25
2016.03.14 12:09:16.952,1.90414,1.90449,1.37,2.25
2016.03.14 12:09:17.053,1.90418,1.90449,1.00,1.12
2016.03.14 12:09:17.356,1.90421,1.90451,1.00,1.75
2016.03.14 12:09:17.608,1.90418,1.9045,1.00,1.50
2016.03.14 12:09:19.363,1.90416,1.9045,1.00,1.50
2016.03.14 12:09:21.336,1.90417,1.9045,1.00,1.50
2016.03.14 12:09:21.837,1.90417,1.90451,1.37,1.75
2016.03.14 12:09:22.340,1.90417,1.90451,1.00,1.75
2016.03.14 12:09:23.344,1.90416,1.90451,1.12,1.75
2016.03.14 12:09:23.995,1.90415,1.90449,1.12,1.12
2016.03.14 12:09:24.498,1.90415,1.90449,1.37,1.12
2016.03.14 12:09:25.402,1.90418,1.90449,1.00,1.87
2016.03.14 12:09:26.206,1.9042,1.90449,1.00,1.12
2016.03.14 12:09:27.614,1.90423,1.90451,1.00,1.75
2016.03.14 12:09:27.918,1.90426,1.90454,1.00,2.25
2016.03.14 12:09:27.969,1.90426,1.90454,1.00,1.00
2016.03.14 12:09:28.087,1.90423,1.90454,1.00,1.00
2016.03.14 12:09:28.574,1.90421,1.90455,1.50,1.00
2016.03.14 12:09:28.776,1.90422,1.90455,1.37,1.00
2016.03.14 12:09:29.126,1.90426,1.90454,1.00,1.00
2016.03.14 12:09:29.429,1.90431,1.90461,1.00,2.25
2016.03.14 12:09:29.871,1.90431,1.90463,1.37,1.00
2016.03.14 12:09:29.922,1.90434,1.90463,1.00,1.00
2016.03.14 12:09:30.166,1.90435,1.9047,1.37,1.00
2016.03.14 12:09:30.217,1.90444,1.9047,1.00,1.00
2016.03.14 12:09:30.368,1.90438,1.9047,1.00,1.00
2016.03.14 12:09:30.778,1.90441,1.90472,1.00,1.00
2016.03.14 12:09:31.180,1.90435,1.90467,1.75,1.00
2016.03.14 12:09:31.332,1.90434,1.90465,1.00,1.00
2016.03.14 12:09:31.383,1.90434,1.90463,1.00,1.00
2016.03.14 12:09:31.685,1.9044,1.90466,1.00,1.00
2016.03.14 12:09:31.787,1.90436,1.90463,1.00,1.00
2016.03.14 12:09:31.989,1.90432,1.90463,1.00,1.00
2016.03.14 12:09:32.191,1.90432,1.90463,1.37,1.00
2016.03.14 12:09:32.533,1.90437,1.90463,1.00,1.00
2016.03.14 12:09:32.685,1.90434,1.90463,1.37,1.00
2016.03.14 12:09:33.462,1.90432,1.90462,1.37,1.00
2016.03.14 12:09:34.665,1.90432,1.90462,1.37,1.00
2016.03.14 12:09:35.080,1.90439,1.90462,1.00,1.00
2016.03.14 12:09:35.332,1.90436,1.90463,1.00,1.00
2016.03.14 12:09:35.882,1.90437,1.90463,1.00,1.00
2016.03.14 12:09:37.859,1.90436,1.90463,1.00,1.00
2016.03.14 12:09:38.051,1.90439,1.90465,1.00,1.50
2016.03.14 12:09:38.304,1.90438,1.90468,1.00,1.00
2016.03.14 12:09:39.811,1.90435,1.90467,1.00,1.00
2016.03.14 12:09:40.063,1.90437,1.90467,1.00,1.00
2016.03.14 12:09:40.566,1.90437,1.90472,1.87,1.37
2016.03.14 12:09:40.617,1.90438,1.90475,1.50,1.50
2016.03.14 12:09:40.769,1.90441,1.90475,1.00,1.00
2016.03.14 12:09:40.820,1.90441,1.90477,1.50,1.12
2016.03.14 12:09:40.921,1.90446,1.90477,1.00,1.12
2016.03.14 12:09:41.123,1.90443,1.90477,1.00,1.12
2016.03.14 12:09:41.379,1.90441,1.90476,1.87,1.00
2016.03.14 12:09:42.565,1.90443,1.90477,1.00,1.12
2016.03.14 12:09:44.520,1.90443,1.90477,1.37,1.12
2016.03.14 12:09:46.749,1.90443,1.90478,1.00,1.50
2016.03.14 12:09:47.252,1.90442,1.90476,1.00,1.00
2016.03.14 12:09:49.515,1.90442,1.90477,1.50,1.12
2016.03.14 12:09:49.818,1.90445,1.9048,1.00,2.25
2016.03.14 12:09:50.268,1.90443,1.90478,1.12,1.50
2016.03.14 12:09:50.805,1.90442,1.90476,1.00,1.12
2016.03.14 12:09:51.472,1.90443,1.9048,1.00,1.75
2016.03.14 12:09:52.105,1.90442,1.90477,1.50,1.12
2016.03.14 12:09:52.871,1.90443,1.90477,1.47,1.12
2016.03.14 12:09:53.174,1.90449,1.90482,1.37,1.00
2016.03.14 12:09:53.769,1.90449,1.90483,1.37,1.00
2016.03.14 12:09:55.778,1.90456,1.90483,1.00,1.00
2016.03.14 12:09:55.828,1.90456,1.90489,1.50,1.00
2016.03.14 12:09:55.879,1.90458,1.90491,1.00,1.00
2016.03.14 12:09:55.930,1.90458,1.90494,1.50,2.25
2016.03.14 12:09:56.082,1.90461,1.90494,1.12,1.00
2016.03.14 12:09:56.335,1.90462,1.90496,1.00,1.12
2016.03.14 12:09:57.485,1.90462,1.90496,1.37,1.12
2016.03.14 12:09:57.536,1.90465,1.905,1.00,1.50
2016.03.14 12:09:57.739,1.90469,1.90503,1.00,1.75
2016.03.14 12:09:58.194,1.90472,1.90502,1.00,1.00
2016.03.14 12:09:59.313,1.90469,1.90502,1.37,1.00
2016.03.14 12:09:59.364,1.90469,1.90502,1.00,1.00
2016.03.14 12:09:59.901,1.90468,1.90502,1.87,1.00
2016.03.14 12:10:00.962,1.9047,1.90502,1.00,1.00
2016.03.14 12:10:01.063,1.90472,1.90505,1.12,1.00
2016.03.14 12:10:01.165,1.90472,1.90507,1.12,1.12
2016.03.14 12:10:02.576,1.9047,1.90507,1.00,1.87
2016.03.14 12:10:04.438,1.90472,1.90508,1.00,3.37
2016.03.14 12:10:04.973,1.90471,1.90508,1.00,2.62
2016.03.14 12:10:05.287,1.9047,1.90505,1.00,1.00
2016.03.14 12:10:06.883,1.90471,1.90507,1.00,1.12
2016.03.14 12:10:07.085,1.90469,1.90505,1.00,1.87
2016.03.14 12:10:07.417,1.90451,1.90486,1.37,1.50
2016.03.14 12:10:07.772,1.9045,1.90485,1.00,1.00
2016.03.14 12:10:07.873,1.90449,1.90485,1.50,1.00
2016.03.14 12:10:07.974,1.90454,1.90488,1.00,1.50
2016.03.14 12:10:08.663,1.90457,1.90488,1.00,1.50
2016.03.14 12:10:13.132,1.90457,1.90488,1.37,2.25
2016.03.14 12:10:13.283,1.90459,1.90492,1.00,1.12
2016.03.14 12:10:13.806,1.90459,1.90496,1.37,3.75
2016.03.14 12:10:13.907,1.90463,1.90496,1.00,3.00
2016.03.14 12:10:14.411,1.90464,1.90496,1.00,1.75
2016.03.14 12:10:14.563,1.9046,1.90496,1.00,1.75
2016.03.14 12:10:15.298,1.9046,1.9049,1.00,1.00
2016.03.14 12:10:15.450,1.90453,1.90489,1.50,1.37
2016.03.14 12:10:15.501,1.90453,1.90489,1.12,1.75
2016.03.14 12:10:16.035,1.90454,1.90489,1.00,1.75
2016.03.14 12:10:21.044,1.90452,1.90489,1.37,2.25
2016.03.14 12:10:22.900,1.90452,1.9049,1.50,3.37
2016.03.14 12:10:23.152,1.90455,1.9049,1.00,2.25
2016.03.14 12:10:23.474,1.90462,1.90495,1.00,1.00
2016.03.14 12:10:24.025,1.90462,1.90496,1.00,1.00
2016.03.14 12:10:25.339,1.90464,1.90496,1.00,1.00
2016.03.14 12:10:25.642,1.90467,1.90495,1.00,1.00
2016.03.14 12:10:25.805,1.90464,1.90495,1.00,1.00
2016.03.14 12:10:26.107,1.9046,1.90495,1.12,1.00
2016.03.14 12:10:26.460,1.9046,1.90495,1.12,1.37
2016.03.14 12:10:26.580,1.90457,1.90492,1.00,1.50
2016.03.14 12:10:26.782,1.90459,1.90493,1.00,1.75
2016.03.14 12:10:27.754,1.90456,1.90494,1.37,1.75
2016.03.14 12:10:27.831,1.90456,1.90493,1.00,1.12
2016.03.14 12:10:28.378,1.90456,1.90493,1.37,1.75
2016.03.14 12:10:28.530,1.90455,1.90492,1.00,1.50
2016.03.14 12:10:28.682,1.90453,1.90489,1.50,1.00
2016.03.14 12:10:29.001,1.90455,1.90492,1.00,1.50
2016.03.14 12:10:29.955,1.90456,1.90493,1.00,2.25
2016.03.14 12:10:32.381,1.90464,1.90492,1.00,1.50
2016.03.14 12:10:32.533,1.90468,1.90496,1.00,1.00
2016.03.14 12:10:32.584,1.90468,1.90499,1.37,1.37
2016.03.14 12:10:32.635,1.90475,1.90505,1.12,1.12
2016.03.14 12:10:32.685,1.90475,1.90505,1.87,1.12
2016.03.14 12:10:32.837,1.90484,1.90514,1.12,1.00
2016.03.14 12:10:33.190,1.9048,1.90514,1.00,1.00
2016.03.14 12:10:33.341,1.9048,1.90514,1.37,1.00
2016.03.14 12:10:33.594,1.90484,1.90519,1.00,2.25
2016.03.14 12:10:33.947,1.9048,1.90514,1.50,1.00
2016.03.14 12:10:35.456,1.9048,1.90514,2.25,1.00
2016.03.14 12:10:35.557,1.9048,1.90514,1.12,1.37
2016.03.14 12:10:36.082,1.9048,1.90513,1.37,1.12
2016.03.14 12:10:36.233,1.90481,1.90517,1.37,1.00
2016.03.14 12:10:36.688,1.90483,1.90519,1.00,1.00
2016.03.14 12:10:36.890,1.90487,1.90519,1.00,1.50
2016.03.14 12:10:37.412,1.90486,1.90519,1.00,1.50
2016.03.14 12:10:38.567,1.90483,1.90519,1.00,1.50
2016.03.14 12:10:39.194,1.90486,1.90519,1.00,1.50
2016.03.14 12:10:39.720,1.90485,1.90519,1.00,1.50
2016.03.14 12:10:40.551,1.90487,1.90519,1.00,1.00
2016.03.14 12:10:40.773,1.90484,1.90519,1.00,1.50
2016.03.14 12:10:41.394,1.90485,1.90519,1.00,1.00
2016.03.14 12:10:41.885,1.90488,1.90519,1.00,1.50
2016.03.14 12:10:42.409,1.90485,1.90519,1.00,1.50
2016.03.14 12:10:42.862,1.90492,1.90524,1.87,1.37
2016.03.14 12:10:42.913,1.90496,1.90526,1.09,1.12
2016.03.14 12:10:42.964,1.90504,1.90535,1.00,1.87
2016.03.14 12:10:43.071,1.90504,1.90535,1.37,1.00
2016.03.14 12:10:43.423,1.90507,1.90538,1.00,1.50
2016.03.14 12:10:44.065,1.90502,1.90538,2.25,1.50
2016.03.14 12:10:44.436,1.90507,1.90537,1.00,1.00
2016.03.14 12:10:44.584,1.90503,1.90537,1.87,1.00
2016.03.14 12:10:45.019,1.90503,1.9054,1.87,1.00
2016.03.14 12:10:45.620,1.90504,1.9054,1.12,1.00
2016.03.14 12:10:45.921,1.90504,1.9054,1.50,1.00
2016.03.14 12:10:46.426,1.90504,1.9054,1.50,1.00
2016.03.14 12:10:46.930,1.90504,1.9054,1.50,1.00
2016.03.14 12:10:48.381,1.90507,1.90542,1.00,1.12
2016.03.14 12:10:48.583,1.90508,1.90542,1.37,1.12
2016.03.14 12:10:48.885,1.90514,1.90548,1.00,1.75
2016.03.14 12:10:49.241,1.90511,1.90547,1.00,1.12
2016.03.14 12:10:49.443,1.90507,1.90544,1.50,1.75
2016.03.14 12:10:51.299,1.90508,1.90545,1.50,1.87
2016.03.14 12:10:51.401,1.90508,1.90545,1.37,1.75
2016.03.14 12:10:51.603,1.90507,1.90542,1.50,1.12
2016.03.14 12:10:51.755,1.90511,1.90545,1.00,1.87
2016.03.14 12:10:51.958,1.90508,1.90546,1.00,3.00
2016.03.14 12:10:54.003,1.90508,1.90545,1.37,1.75
2016.03.14 12:10:54.054,1.90509,1.90545,1.09,1.75
2016.03.14 12:10:54.256,1.90532,1.9056,1.00,1.87
2016.03.14 12:10:54.307,1.90532,1.90561,1.37,1.50
2016.03.14 12:10:54.458,1.90541,1.90568,1.00,1.00
2016.03.14 12:10:54.575,1.90535,1.9057,1.50,1.00
2016.03.14 12:10:54.626,1.90535,1.9057,1.12,1.12
2016.03.14 12:10:54.878,1.90537,1.90571,1.00,1.50
2016.03.14 12:10:55.181,1.9053,1.90565,1.12,1.75
2016.03.14 12:10:55.483,1.90534,1.90564,1.00,1.37
2016.03.14 12:10:55.584,1.90533,1.90568,1.00,2.25
2016.03.14 12:10:55.635,1.90531,1.90568,1.00,3.37
2016.03.14 12:10:56.829,1.90531,1.90568,1.50,2.25
2016.03.14 12:10:57.540,1.90531,1.90566,1.12,1.00
2016.03.14 12:10:57.843,1.90529,1.90562,1.75,1.00
2016.03.14 12:10:57.944,1.90529,1.90562,1.00,1.00
2016.03.14 12:10:58.096,1.90531,1.90568,1.00,1.50
2016.03.14 12:10:58.298,1.90531,1.90565,1.00,1.00
2016.03.14 12:10:58.601,1.90531,1.90565,1.00,1.75
2016.03.14 12:10:59.082,1.90527,1.90562,1.00,1.00
2016.03.14 12:10:59.486,1.90525,1.9056,1.12,1.00
2016.03.14 12:10:59.825,1.90523,1.90558,3.00,1.00
2016.03.14 12:11:00.078,1.9052,1.90554,1.00,1.50
2016.03.14 12:11:00.128,1.9052,1.90547,1.00,1.37
2016.03.14 12:11:00.179,1.90514,1.90546,1.00,1.50
2016.03.14 12:11:00.532,1.90511,1.90546,1.12,1.50
2016.03.14 12:11:00.634,1.90516,1.90546,1.00,1.00
2016.03.14 12:11:01.085,1.90511,1.90546,1.12,1.87
2016.03.14 12:11:01.135,1.90508,1.90539,1.37,1.00
2016.03.14 12:11:01.186,1.90508,1.90539,1.00,1.00
2016.03.14 12:11:01.288,1.90504,1.90538,1.00,1.50
2016.03.14 12:11:01.490,1.90505,1.90537,1.37,1.00
2016.03.14 12:11:01.592,1.90516,1.90546,1.00,1.00
2016.03.14 12:11:01.643,1.90516,1.90551,1.12,1.37
2016.03.14 12:11:01.694,1.90517,1.90554,1.00,1.87
2016.03.14 12:11:02.149,1.90516,1.90551,1.12,1.00
2016.03.14 12:11:02.574,1.90518,1.90553,1.00,1.12
2016.03.14 12:11:03.841,1.90515,1.90553,1.87,1.12
2016.03.14 12:11:04.103,1.90515,1.90553,1.50,1.12
2016.03.14 12:11:04.255,1.90532,1.90563,1.37,1.00
2016.03.14 12:11:04.306,1.90535,1.90565,1.00,1.00
2016.03.14 12:11:04.358,1.90535,1.90567,1.87,1.00
2016.03.14 12:11:04.459,1.90536,1.90561,1.12,1.12
2016.03.14 12:11:04.661,1.90524,1.90554,1.00,1.00
2016.03.14 12:11:04.763,1.90522,1.90554,1.00,1.00
2016.03.14 12:11:05.328,1.90521,1.90556,1.00,1.00
2016.03.14 12:11:05.580,1.90521,1.90554,1.00,1.00
2016.03.14 12:11:06.647,1.9052,1.90556,1.87,1.00
2016.03.14 12:11:06.960,1.9052,1.90554,1.87,1.46
2016.03.14 12:11:07.263,1.90532,1.90564,1.37,1.00
2016.03.14 12:11:07.364,1.90536,1.90568,1.87,1.00
2016.03.14 12:11:07.415,1.90538,1.90574,1.12,1.00
2016.03.14 12:11:07.667,1.9054,1.90575,1.00,1.00
2016.03.14 12:11:08.014,1.90542,1.90573,1.00,1.00
2016.03.14 12:11:08.065,1.90542,1.90576,1.00,1.84
2016.03.14 12:11:08.167,1.90543,1.90577,1.00,1.00
2016.03.14 12:11:08.218,1.90543,1.90578,1.00,1.37
2016.03.14 12:11:08.370,1.90541,1.90575,1.00,1.00
2016.03.14 12:11:08.786,1.90538,1.90575,1.87,1.50
2016.03.14 12:11:08.988,1.90538,1.90571,1.00,1.00
2016.03.14 12:11:09.164,1.90538,1.90575,1.50,1.84
2016.03.14 12:11:09.416,1.90538,1.90571,1.00,1.00
2016.03.14 12:11:09.719,1.9054,1.90575,1.50,1.50
2016.03.14 12:11:09.987,1.90536,1.90572,3.00,1.00
2016.03.14 12:11:10.290,1.90551,1.90583,1.00,1.75
2016.03.14 12:11:10.391,1.90551,1.90585,1.12,1.00
2016.03.14 12:11:10.442,1.90551,1.90588,1.50,1.50
2016.03.14 12:11:10.543,1.90552,1.90589,1.00,2.25
2016.03.14 12:11:10.847,1.90549,1.90584,2.62,1.00
2016.03.14 12:11:10.948,1.90554,1.90589,1.00,1.50
2016.03.14 12:11:11.529,1.90553,1.90587,1.00,1.00
2016.03.14 12:11:12.543,1.90553,1.90585,1.00,1.00
2016.03.14 12:11:12.796,1.9055,1.90585,1.00,2.25
2016.03.14 12:11:12.948,1.90547,1.90584,1.12,1.50
2016.03.14 12:11:13.250,1.90547,1.90582,1.12,1.37
2016.03.14 12:11:13.553,1.90564,1.90584,1.87,1.00
2016.03.14 12:11:13.705,1.90568,1.90597,1.37,1.00
2016.03.14 12:11:13.806,1.90567,1.90601,1.37,1.12
2016.03.14 12:11:13.857,1.90567,1.90602,1.00,1.87
2016.03.14 12:11:14.156,1.90569,1.90601,1.00,1.00
2016.03.14 12:11:14.358,1.90565,1.90599,1.12,1.00
2016.03.14 12:11:14.460,1.90567,1.90601,1.37,1.12
2016.03.14 12:11:14.763,1.90571,1.90606,1.50,1.87
2016.03.14 12:11:15.267,1.9057,1.90606,1.00,1.12
2016.03.14 12:11:15.537,1.90568,1.90603,1.00,1.75
2016.03.14 12:11:16.676,1.90572,1.90605,1.00,1.75
2016.03.14 12:11:17.016,1.90588,1.90619,1.00,1.12
2016.03.14 12:11:17.167,1.90591,1.90621,1.00,1.37
2016.03.14 12:11:17.218,1.90591,1.90621,1.00,1.00
2016.03.14 12:11:17.760,1.90592,1.90622,1.00,1.00
2016.03.14 12:11:17.861,1.90592,1.90625,1.00,1.12
2016.03.14 12:11:18.215,1.90591,1.90622,1.00,1.00
2016.03.14 12:11:18.325,1.90588,1.9062,1.00,1.00
2016.03.14 12:11:18.637,1.90588,1.90622,1.00,1.12
2016.03.14 12:11:18.889,1.90588,1.9062,1.00,1.00
2016.03.14 12:11:19.438,1.90588,1.90622,1.00,1.00
2016.03.14 12:11:20.066,1.90589,1.90624,1.00,1.00
2016.03.14 12:11:20.515,1.90591,1.90623,1.00,1.00
2016.03.14 12:11:20.717,1.90587,1.90621,1.50,1.00
2016.03.14 12:11:20.870,1.90587,1.90618,1.00,1.00
2016.03.14 12:11:21.265,1.90587,1.90621,1.50,1.00
2016.03.14 12:11:21.521,1.90588,1.90623,1.00,1.12
2016.03.14 12:11:21.724,1.90587,1.9062,1.50,1.00
2016.03.14 12:11:22.118,1.90589,1.90624,1.00,1.00
2016.03.14 12:11:22.662,1.90588,1.90623,1.00,1.00
2016.03.14 12:11:22.835,1.9059,1.90625,1.00,1.00
2016.03.14 12:11:23.610,1.90589,1.90624,1.00,1.37
2016.03.14 12:11:23.912,1.90587,1.9062,1.00,1.00
2016.03.14 12:11:24.168,1.90587,1.90622,1.50,1.00
2016.03.14 12:11:24.370,1.90589,1.90624,1.00,1.00
2016.03.14 12:11:26.226,1.90588,1.90623,1.00,1.12
2016.03.14 12:11:26.529,1.90585,1.90614,1.00,1.00
2016.03.14 12:11:26.580,1.90579,1.90614,1.00,1.00
2016.03.14 12:11:27.131,1.90579,1.90608,1.00,1.00
2016.03.14 12:11:27.232,1.90571,1.90602,1.00,1.37
2016.03.14 12:11:27.773,1.90571,1.90606,1.37,1.75
2016.03.14 12:11:27.874,1.90574,1.90606,1.00,1.75
2016.03.14 12:11:28.699,1.90572,1.90607,1.00,2.25
2016.03.14 12:11:30.066,1.90567,1.90599,1.37,1.00
2016.03.14 12:11:30.117,1.90567,1.90599,1.00,1.00
2016.03.14 12:11:30.202,1.90565,1.90599,1.87,1.00
2016.03.14 12:11:30.405,1.90567,1.90602,1.00,1.50
2016.03.14 12:11:30.456,1.90573,1.90602,1.00,1.50
2016.03.14 12:11:30.759,1.90589,1.90624,1.50,1.12
2016.03.14 12:11:30.911,1.90589,1.90625,1.00,1.00
2016.03.14 12:11:30.962,1.90589,1.90627,2.25,1.50
2016.03.14 12:11:31.192,1.90591,1.90627,1.00,1.50
2016.03.14 12:11:31.541,1.90593,1.90627,1.00,1.00
2016.03.14 12:11:32.045,1.90593,1.90628,1.00,1.87
2016.03.14 12:11:33.638,1.90593,1.90628,1.00,1.87
2016.03.14 12:11:34.142,1.90593,1.90628,1.00,1.50
2016.03.14 12:11:34.735,1.90593,1.90628,1.00,1.87
2016.03.14 12:11:34.974,1.90591,1.90626,1.00,1.00
2016.03.14 12:11:35.489,1.90592,1.90628,1.50,1.37
2016.03.14 12:11:36.062,1.90592,1.90628,1.00,1.00
2016.03.14 12:11:36.373,1.90594,1.90628,1.00,1.00
2016.03.14 12:11:37.125,1.90594,1.90625,1.00,1.00
2016.03.14 12:11:37.327,1.90591,1.90625,1.87,1.00
2016.03.14 12:11:37.552,1.90593,1.90625,1.00,1.00
2016.03.14 12:11:37.754,1.90592,1.90629,1.50,1.37
2016.03.14 12:11:38.809,1.90592,1.90629,1.00,1.00
2016.03.14 12:11:39.135,1.90592,1.90629,1.00,1.37
2016.03.14 12:11:39.659,1.90592,1.90625,1.00,1.00
2016.03.14 12:11:40.210,1.90592,1.90626,1.00,1.00
2016.03.14 12:11:40.963,1.90594,1.90626,1.00,1.00
2016.03.14 12:11:41.165,1.90592,1.90626,1.00,1.00
2016.03.14 12:11:41.716,1.90593,1.90626,1.00,1.00
2016.03.14 12:11:42.766,1.90592,1.90626,1.00,1.00
2016.03.14 12:11:43.292,1.90592,1.90625,1.00,1.00
2016.03.14 12:11:44.176,1.90598,1.90632,1.00,1.00
2016.03.14 12:11:44.718,1.90597,1.90633,1.00,1.00
2016.03.14 12:11:45.241,1.90596,1.90633,1.87,1.00
2016.03.14 12:11:45.342,1.90598,1.90635,1.12,1.50
2016.03.14 12:11:45.846,1.90597,1.90634,1.00,1.00
2016.03.14 12:11:46.395,1.90596,1.90634,2.62,1.00
2016.03.14 12:11:46.802,1.90596,1.90631,1.50,1.00
2016.03.14 12:11:46.903,1.90596,1.90634,1.50,1.12
2016.03.14 12:11:49.660,1.90596,1.90631,1.87,1.00
2016.03.14 12:11:50.083,1.906,1.90635,1.00,1.50
2016.03.14 12:11:50.614,1.90599,1.90634,1.00,1.00
2016.03.14 12:11:51.405,1.90596,1.90631,1.50,1.00
2016.03.14 12:11:51.920,1.90597,1.90627,1.00,1.00
2016.03.14 12:11:52.223,1.90577,1.90614,1.50,3.00
2016.03.14 12:11:52.626,1.90575,1.90612,1.12,1.50
2016.03.14 12:11:52.677,1.90577,1.90612,1.00,1.50
2016.03.14 12:11:53.283,1.90575,1.90612,1.12,1.50
2016.03.14 12:11:53.384,1.90581,1.90616,1.00,1.75
2016.03.14 12:11:53.486,1.90581,1.90616,1.00,1.37
2016.03.14 12:11:53.606,1.90581,1.90616,1.00,1.00
2016.03.14 12:11:53.782,1.90581,1.90614,1.00,1.00
2016.03.14 12:11:53.833,1.90578,1.90613,1.50,1.00
2016.03.14 12:11:53.934,1.90577,1.90614,1.00,2.25
2016.03.14 12:11:54.186,1.90581,1.90616,1.00,1.37
2016.03.14 12:11:54.237,1.90581,1.90616,1.00,1.00
2016.03.14 12:11:55.192,1.90579,1.90615,2.25,1.37
2016.03.14 12:11:55.495,1.90579,1.90612,1.50,1.00
2016.03.14 12:11:55.697,1.90579,1.90616,1.50,1.87
2016.03.14 12:11:56.524,1.90579,1.90616,1.50,1.37
2016.03.14 12:11:57.050,1.90579,1.90616,1.50,1.87
2016.03.14 12:11:57.202,1.90579,1.90614,1.00,1.00
2016.03.14 12:12:01.035,1.90579,1.90615,1.00,2.25
2016.03.14 12:12:01.337,1.90578,1.90613,1.00,1.75
2016.03.14 12:12:01.529,1.90574,1.90609,1.12,1.37
2016.03.14 12:12:01.630,1.90574,1.90601,1.00,1.87
2016.03.14 12:12:01.681,1.90568,1.90595,1.00,1.00
2016.03.14 12:12:01.732,1.90561,1.90595,1.37,1.75
2016.03.14 12:12:01.934,1.90566,1.90602,1.12,1.50
2016.03.14 12:12:01.985,1.9057,1.90602,1.00,1.50
2016.03.14 12:12:02.289,1.90583,1.90612,1.12,1.00
2016.03.14 12:12:02.541,1.90578,1.90612,1.00,1.00
2016.03.14 12:12:02.771,1.9058,1.90612,1.00,1.00
2016.03.14 12:12:03.836,1.90576,1.90612,1.12,1.50
2016.03.14 12:12:03.938,1.90576,1.90609,1.00,1.00
2016.03.14 12:12:04.089,1.90574,1.90609,1.50,1.00
2016.03.14 12:12:04.544,1.90574,1.90606,1.50,1.00
2016.03.14 12:12:04.846,1.90567,1.90597,1.00,1.75
2016.03.14 12:12:05.301,1.90563,1.90596,1.00,1.75
2016.03.14 12:12:05.705,1.90566,1.90597,1.00,1.75
2016.03.14 12:12:05.856,1.90561,1.90591,1.00,1.00
2016.03.14 12:12:06.445,1.90559,1.90591,1.37,1.00
2016.03.14 12:12:08.565,1.90559,1.90592,1.00,1.00
2016.03.14 12:12:08.716,1.9055,1.90585,1.75,1.00
2016.03.14 12:12:08.767,1.9055,1.90585,1.37,1.00
2016.03.14 12:12:08.868,1.9055,1.90585,1.50,1.00
2016.03.14 12:12:09.373,1.90551,1.90586,1.00,1.00
2016.03.14 12:12:11.465,1.9055,1.90584,1.50,1.00
2016.03.14 12:12:11.566,1.9055,1.90586,1.00,1.87
2016.03.14 12:12:13.123,1.90551,1.90586,1.00,1.12
2016.03.14 12:12:15.280,1.9055,1.90586,1.12,1.87
2016.03.14 12:12:15.857,1.90548,1.90585,1.37,1.00
2016.03.14 12:12:16.461,1.90548,1.90585,1.37,1.00
2016.03.14 12:12:16.985,1.90548,1.90585,1.37,1.00
2016.03.14 12:12:17.764,1.9055,1.90585,1.37,1.00
2016.03.14 12:12:18.363,1.9055,1.90585,1.12,1.00
2016.03.14 12:12:18.838,1.90552,1.90585,1.00,1.00
2016.03.14 12:12:19.141,1.90534,1.90568,1.00,1.12
2016.03.14 12:12:19.242,1.90531,1.90568,1.50,1.50
2016.03.14 12:12:19.747,1.90533,1.90568,1.12,1.00
2016.03.14 12:12:19.797,1.90536,1.90568,1.00,1.00
2016.03.14 12:12:20.100,1.90536,1.90566,1.00,1.00
2016.03.14 12:12:20.454,1.90532,1.90566,1.00,1.00
2016.03.14 12:12:21.001,1.90531,1.90566,1.00,1.87
2016.03.14 12:12:22.558,1.90531,1.90566,1.00,1.87
2016.03.14 12:12:24.065,1.90531,1.90566,1.00,1.37
2016.03.14 12:12:24.585,1.90531,1.90564,1.00,1.00
2016.03.14 12:12:25.135,1.90531,1.90564,1.87,1.00
2016.03.14 12:12:25.640,1.9053,1.90563,1.75,1.00
2016.03.14 12:12:25.981,1.90531,1.90561,1.50,1.12
2016.03.14 12:12:27.176,1.90531,1.90559,1.50,1.00
2016.03.14 12:12:27.445,1.9053,1.90564,1.75,1.00
2016.03.14 12:12:27.950,1.9053,1.9056,1.75,1.00
2016.03.14 12:12:28.051,1.90531,1.90563,1.50,1.37
2016.03.14 12:12:28.606,1.90531,1.90563,1.50,1.00
2016.03.14 12:12:31.443,1.90528,1.90563,1.37,1.00
2016.03.14 12:12:31.494,1.90528,1.90563,1.00,1.00
2016.03.14 12:12:33.571,1.90531,1.90566,1.00,2.25
2016.03.14 12:12:33.672,1.90531,1.90566,1.12,1.00
2016.03.14 12:12:33.875,1.90531,1.90568,1.12,1.00
2016.03.14 12:12:33.925,1.90531,1.90568,1.12,1.37
2016.03.14 12:12:34.228,1.90537,1.9057,1.00,1.00
2016.03.14 12:12:34.536,1.90529,1.9056,1.00,1.12
2016.03.14 12:12:34.587,1.90526,1.9056,1.12,1.12
2016.03.14 12:12:34.990,1.90528,1.90561,1.00,1.00
2016.03.14 12:12:35.091,1.90526,1.90561,1.50,1.50
2016.03.14 12:12:35.192,1.90526,1.90559,1.00,1.00
2016.03.14 12:12:35.445,1.90519,1.90554,1.50,1.00
2016.03.14 12:12:36.495,1.90519,1.90553,1.50,1.00
2016.03.14 12:12:36.647,1.90519,1.9055,1.00,1.00
2016.03.14 12:12:36.981,1.90515,1.9055,1.00,1.00
2016.03.14 12:12:37.435,1.90514,1.90549,1.12,1.37
2016.03.14 12:12:37.637,1.90513,1.90547,1.37,1.00
2016.03.14 12:12:38.141,1.90513,1.90548,1.37,1.00
2016.03.14 12:12:39.834,1.90513,1.90547,1.37,1.00
2016.03.14 12:12:40.395,1.90513,1.90545,1.37,1.00
2016.03.14 12:12:41.749,1.9051,1.90547,1.75,1.37
2016.03.14 12:12:42.119,1.90508,1.90544,3.00,1.00
2016.03.14 12:12:43.555,1.90509,1.90545,3.00,1.00
2016.03.14 12:12:43.908,1.90511,1.90543,1.75,1.00
2016.03.14 12:12:44.009,1.90511,1.90545,1.75,1.00
2016.03.14 12:12:44.060,1.90516,1.90545,1.00,1.00
2016.03.14 12:12:44.233,1.90514,1.90548,2.25,1.00
2016.03.14 12:12:44.334,1.90514,1.9055,3.00,1.00
2016.03.14 12:12:45.646,1.90517,1.90552,1.87,1.00
2016.03.14 12:12:46.150,1.90517,1.90551,1.12,1.00
2016.03.14 12:12:47.840,1.90517,1.90552,1.12,1.00
2016.03.14 12:12:51.021,1.90515,1.90552,1.75,1.37
2016.03.14 12:12:51.375,1.90513,1.90548,2.25,1.87
2016.03.14 12:12:51.677,1.90519,1.90553,1.75,1.12
2016.03.14 12:12:51.728,1.90519,1.90556,2.25,2.25
2016.03.14 12:12:51.829,1.90524,1.90556,1.00,1.00
2016.03.14 12:12:52.066,1.90519,1.90556,2.25,1.50
2016.03.14 12:12:52.117,1.90519,1.90554,2.25,1.00
2016.03.14 12:12:52.369,1.90511,1.90546,1.00,1.00
2016.03.14 12:12:52.773,1.90511,1.90544,1.00,1.00
2016.03.14 12:12:53.583,1.90513,1.90546,1.00,1.50
2016.03.14 12:12:53.684,1.90511,1.90546,1.50,1.50
2016.03.14 12:12:54.024,1.90509,1.90545,1.00,1.00
2016.03.14 12:12:54.544,1.90508,1.90544,1.00,1.00
2016.03.14 12:12:54.798,1.90511,1.90545,1.00,1.00
2016.03.14 12:12:55.009,1.90508,1.90544,1.00,1.00
2016.03.14 12:12:57.348,1.90511,1.90545,1.00,1.00
2016.03.14 12:12:57.990,1.90511,1.90546,1.00,1.50
2016.03.14 12:12:59.982,1.9051,1.90547,1.00,3.00
2016.03.14 12:13:02.372,1.9051,1.90546,1.37,1.00
2016.03.14 12:13:02.675,1.90515,1.90547,1.00,1.00
2016.03.14 12:13:03.182,1.90516,1.90547,1.00,1.00
2016.03.14 12:13:03.434,1.90518,1.90553,1.00,1.12
2016.03.14 12:13:03.835,1.90523,1.90553,1.00,1.12
2016.03.14 12:13:03.936,1.90523,1.90559,1.00,1.37
2016.03.14 12:13:04.441,1.90522,1.90558,1.00,1.12
2016.03.14 12:13:05.068,1.90521,1.90556,1.50,1.00
2016.03.14 12:13:05.378,1.90517,1.90553,3.00,1.00
2016.03.14 12:13:06.192,1.90517,1.90551,1.75,1.12
2016.03.14 12:13:06.344,1.90515,1.9055,1.00,1.50
2016.03.14 12:13:06.597,1.90517,1.90552,1.00,1.50
2016.03.14 12:13:08.022,1.9052,1.90552,1.00,2.25
2016.03.14 12:13:08.123,1.9052,1.90552,1.00,1.12
2016.03.14 12:13:08.174,1.9052,1.90555,1.00,1.00
2016.03.14 12:13:08.708,1.9052,1.90556,1.00,1.00
2016.03.14 12:13:10.111,1.90519,1.90554,1.12,1.37
2016.03.14 12:13:11.078,1.90518,1.90553,1.87,1.00
2016.03.14 12:13:11.129,1.90521,1.90558,1.37,1.12
2016.03.14 12:13:11.684,1.90518,1.90553,1.12,1.00
2016.03.14 12:13:12.698,1.90518,1.90553,1.12,1.00
2016.03.14 12:13:13.254,1.90518,1.90553,2.62,1.00
2016.03.14 12:13:13.758,1.90518,1.90553,2.62,1.00
2016.03.14 12:13:14.458,1.90518,1.90553,2.62,1.00
2016.03.14 12:13:14.774,1.90518,1.9055,2.62,1.00
2016.03.14 12:13:15.334,1.90518,1.9055,2.25,1.00
2016.03.14 12:13:15.623,1.90525,1.90561,2.62,1.00
2016.03.14 12:13:15.674,1.90526,1.90561,1.12,1.00
2016.03.14 12:13:15.977,1.9053,1.90565,1.12,1.12
2016.03.14 12:13:16.279,1.9053,1.90557,1.12,1.00
2016.03.14 12:13:16.380,1.90526,1.90557,1.87,1.00
2016.03.14 12:13:16.930,1.90526,1.90558,1.00,1.00
2016.03.14 12:13:18.331,1.90526,1.90558,1.50,1.00
2016.03.14 12:13:18.492,1.9053,1.90558,1.00,1.00
2016.03.14 12:13:18.593,1.9053,1.90566,1.00,2.25
2016.03.14 12:13:18.644,1.9053,1.90566,1.75,1.87
2016.03.14 12:13:18.745,1.9053,1.90564,1.00,1.00
2016.03.14 12:13:19.290,1.9053,1.90566,1.00,2.25
2016.03.14 12:13:19.894,1.9053,1.90563,1.00,1.00
2016.03.14 12:13:22.026,1.9053,1.90562,1.00,1.00
2016.03.14 12:13:22.331,1.9053,1.90559,1.00,1.00
2016.03.14 12:13:23.534,1.90527,1.90559,1.75,1.12
2016.03.14 12:13:23.844,1.90526,1.90555,1.00,1.00
2016.03.14 12:13:23.995,1.90525,1.90559,1.00,1.50
2016.03.14 12:13:24.096,1.90525,1.90556,1.00,1.00
2016.03.14 12:13:24.560,1.90525,1.90558,1.00,1.00
2016.03.14 12:13:25.990,1.90525,1.90556,1.00,1.00
2016.03.14 12:13:27.817,1.90525,1.90559,1.00,1.12
2016.03.14 12:13:28.321,1.90526,1.90558,1.00,1.00
2016.03.14 12:13:28.852,1.90526,1.90559,1.00,1.00
2016.03.14 12:13:31.360,1.90526,1.90561,1.00,1.12
2016.03.14 12:13:32.663,1.90526,1.90558,1.12,1.00
2016.03.14 12:13:32.966,1.90525,1.90556,1.00,1.12
2016.03.14 12:13:33.326,1.90523,1.90556,1.50,1.12
2016.03.14 12:13:36.851,1.90521,1.90554,1.50,1.37
2016.03.14 12:13:37.183,1.90521,1.9055,1.00,1.00
2016.03.14 12:13:37.694,1.90522,1.9055,1.00,1.00
2016.03.14 12:13:37.745,1.90522,1.90553,1.00,1.12
2016.03.14 12:13:38.724,1.90522,1.90554,1.87,1.00
2016.03.14 12:13:40.006,1.90521,1.90553,2.25,1.00
2016.03.14 12:13:40.813,1.90521,1.90551,1.87,1.00
2016.03.14 12:13:41.244,1.90521,1.90542,1.37,1.00
2016.03.14 12:13:41.295,1.90515,1.90542,1.00,1.00
2016.03.14 12:13:41.447,1.90511,1.90541,1.50,1.00
2016.03.14 12:13:41.498,1.90511,1.90543,1.12,1.50
2016.03.14 12:13:41.610,1.90509,1.90541,1.87,1.00
2016.03.14 12:13:42.161,1.90509,1.90541,1.87,1.00
2016.03.14 12:13:42.413,1.90509,1.90541,1.50,1.00
2016.03.14 12:13:42.515,1.90511,1.90541,1.00,1.00
2016.03.14 12:13:42.639,1.90514,1.90547,1.00,1.00
2016.03.14 12:13:42.691,1.90514,1.90544,1.00,1.37
2016.03.14 12:13:42.742,1.90511,1.90544,2.25,1.37
2016.03.14 12:13:42.793,1.90513,1.90541,1.00,1.00
2016.03.14 12:13:42.995,1.90511,1.90544,1.50,1.00
2016.03.14 12:13:43.096,1.9051,1.90542,1.12,1.00
2016.03.14 12:13:43.247,1.90504,1.90538,1.00,1.12
2016.03.14 12:13:43.298,1.90505,1.90538,1.00,1.37
2016.03.14 12:13:43.399,1.90505,1.90538,1.00,1.50
2016.03.14 12:13:43.551,1.90505,1.90541,1.50,1.12
2016.03.14 12:13:43.602,1.90507,1.90541,1.00,1.00
2016.03.14 12:13:44.006,1.90506,1.90542,1.87,1.37
2016.03.14 12:13:44.320,1.90505,1.90533,1.50,1.00
2016.03.14 12:13:44.673,1.90505,1.90536,1.50,1.00
2016.03.14 12:13:44.877,1.90505,1.90532,1.00,1.00
2016.03.14 12:13:45.130,1.90505,1.90534,1.00,1.00
2016.03.14 12:13:46.212,1.90505,1.90537,1.50,1.00
2016.03.14 12:13:46.482,1.90507,1.90537,1.00,1.00
2016.03.14 12:13:46.633,1.90507,1.9054,1.00,1.12
2016.03.14 12:13:46.936,1.9051,1.90541,1.00,1.00
2016.03.14 12:13:47.407,1.90515,1.90544,1.00,1.50
2016.03.14 12:13:47.710,1.90507,1.90538,1.00,1.37
2016.03.14 12:13:47.824,1.90505,1.90538,1.12,1.37
2016.03.14 12:13:47.875,1.90505,1.90533,1.12,1.00
2016.03.14 12:13:47.976,1.90502,1.90537,1.87,1.37
2016.03.14 12:13:48.027,1.90502,1.90537,1.50,1.75
2016.03.14 12:13:48.078,1.90504,1.90537,1.00,1.75
2016.03.14 12:13:48.280,1.90502,1.90537,1.00,2.25
2016.03.14 12:13:48.583,1.90502,1.90537,1.37,1.37
2016.03.14 12:13:48.843,1.90503,1.90538,1.75,1.00
2016.03.14 12:13:48.894,1.90504,1.9054,1.50,1.00
2016.03.14 12:13:49.436,1.90509,1.90542,1.00,1.12
2016.03.14 12:13:49.739,1.90515,1.9055,1.75,1.37
2016.03.14 12:13:50.251,1.90515,1.90548,1.00,1.12
2016.03.14 12:13:50.302,1.90512,1.90548,1.00,1.37
2016.03.14 12:13:50.403,1.90511,1.90545,1.00,1.37
2016.03.14 12:13:50.538,1.9051,1.90539,1.12,1.12
2016.03.14 12:13:50.589,1.90506,1.9054,1.00,1.37
2016.03.14 12:13:51.669,1.90509,1.9054,1.34,1.37
2016.03.14 12:13:51.859,1.90518,1.9055,1.00,1.00
2016.03.14 12:13:51.910,1.90518,1.9055,1.37,1.00
2016.03.14 12:13:52.213,1.90514,1.90544,1.12,1.00
2016.03.14 12:13:52.516,1.90512,1.90541,1.37,1.00
2016.03.14 12:13:52.566,1.9051,1.90541,1.87,1.00
2016.03.14 12:13:52.718,1.9051,1.90544,1.37,1.50
2016.03.14 12:13:53.044,1.9051,1.9054,1.37,1.00
2016.03.14 12:13:53.566,1.90512,1.90546,1.00,1.87
2016.03.14 12:13:53.616,1.90516,1.90546,1.00,1.37
2016.03.14 12:13:53.667,1.90516,1.90548,1.00,1.00
2016.03.14 12:13:53.718,1.90515,1.90548,1.12,1.37
2016.03.14 12:13:53.971,1.90512,1.90543,1.00,1.00
2016.03.14 12:13:54.123,1.90512,1.90546,1.00,1.12
2016.03.14 12:13:54.368,1.90507,1.90533,1.75,1.12
2016.03.14 12:13:54.572,1.9049,1.90521,2.25,1.00
2016.03.14 12:13:54.774,1.90487,1.90521,1.50,1.00
2016.03.14 12:13:55.533,1.9049,1.90524,1.00,1.00
2016.03.14 12:13:55.780,1.90487,1.90523,2.62,1.00
2016.03.14 12:13:55.982,1.9049,1.90524,1.00,1.00
2016.03.14 12:13:56.411,1.90487,1.90523,2.62,1.00
2016.03.14 12:13:56.663,1.90486,1.90521,3.37,1.00
2016.03.14 12:13:57.089,1.90486,1.90518,3.37,1.00
2016.03.14 12:13:57.618,1.90485,1.90518,1.37,1.00
2016.03.14 12:13:58.177,1.90484,1.90514,1.00,1.00
2016.03.14 12:13:58.506,1.90481,1.9051,1.50,1.00
2016.03.14 12:13:59.352,1.9048,1.9051,1.50,1.00
2016.03.14 12:13:59.403,1.9048,1.90514,1.87,1.00
2016.03.14 12:13:59.611,1.90483,1.90518,1.00,1.75
2016.03.14 12:13:59.712,1.9048,1.90517,2.62,1.50
2016.03.14 12:14:00.032,1.90478,1.90513,1.12,1.37
2016.03.14 12:14:00.184,1.90474,1.90506,1.00,1.50
2016.03.14 12:14:00.235,1.90472,1.90506,1.50,2.25
2016.03.14 12:14:00.767,1.90472,1.90505,1.50,1.00
2016.03.14 12:14:01.272,1.90472,1.90506,1.00,2.25
2016.03.14 12:14:02.437,1.90471,1.90506,2.25,1.50
2016.03.14 12:14:02.538,1.90475,1.90506,1.00,1.50
2016.03.14 12:14:02.841,1.90482,1.90511,1.00,1.00
2016.03.14 12:14:03.146,1.90486,1.90511,1.00,1.00
2016.03.14 12:14:03.450,1.90496,1.90532,1.00,2.62
2016.03.14 12:14:03.501,1.90497,1.90529,1.00,1.00
2016.03.14 12:14:03.603,1.90498,1.90533,1.00,1.87
2016.03.14 12:14:03.830,1.90497,1.90528,1.00,1.00
2016.03.14 12:14:04.134,1.90491,1.90519,1.87,1.00
2016.03.14 12:14:04.185,1.90491,1.90519,1.50,1.00
2016.03.14 12:14:04.336,1.90491,1.90517,1.00,1.00
2016.03.14 12:14:04.387,1.90489,1.90517,1.00,1.00
2016.03.14 12:14:04.590,1.90489,1.90522,1.00,1.00
2016.03.14 12:14:04.641,1.90487,1.90522,2.25,1.00
2016.03.14 12:14:04.792,1.90487,1.90517,1.50,1.37
2016.03.14 12:14:04.905,1.90477,1.90512,1.37,1.12
2016.03.14 12:14:05.006,1.90477,1.90512,1.00,1.12
2016.03.14 12:14:05.107,1.90481,1.90514,1.00,2.25
2016.03.14 12:14:05.410,1.90487,1.90518,1.00,1.00
2016.03.14 12:14:05.713,1.90475,1.90509,1.50,1.00
2016.03.14 12:14:05.764,1.90476,1.90513,1.37,1.12
2016.03.14 12:14:06.087,1.90479,1.90513,1.00,1.00
2016.03.14 12:14:06.391,1.9048,1.90511,1.75,1.00
2016.03.14 12:14:06.442,1.9048,1.90515,3.00,1.37
2016.03.14 12:14:06.997,1.90484,1.90521,2.25,1.00
2016.03.14 12:14:07.098,1.90485,1.90513,2.25,1.00
2016.03.14 12:14:08.422,1.90481,1.90517,1.37,1.00
2016.03.14 12:14:08.523,1.90481,1.90517,1.12,1.50
2016.03.14 12:14:08.614,1.90481,1.90517,1.12,1.87
2016.03.14 12:14:08.919,1.90479,1.90509,1.00,1.00
2016.03.14 12:14:08.970,1.90475,1.90509,1.00,1.00
2016.03.14 12:14:10.716,1.90473,1.90509,1.00,1.50
2016.03.14 12:14:10.767,1.90473,1.90509,1.00,1.87
2016.03.14 12:14:11.069,1.90473,1.90504,1.00,1.00
2016.03.14 12:14:11.734,1.90473,1.90499,1.00,1.00
2016.03.14 12:14:11.987,1.90471,1.90499,1.00,1.00
2016.03.14 12:14:12.189,1.90471,1.90504,1.00,1.37
2016.03.14 12:14:12.294,1.90471,1.905,1.00,1.00
2016.03.14 12:14:12.496,1.90468,1.90501,1.00,1.00
2016.03.14 12:14:12.809,1.90468,1.90495,1.00,1.00
2016.03.14 12:14:12.910,1.9046,1.90495,2.62,1.37
2016.03.14 12:14:13.062,1.90464,1.90501,1.12,1.75
2016.03.14 12:14:13.113,1.90464,1.90501,1.50,1.00
2016.03.14 12:14:13.214,1.90466,1.90501,1.12,1.00
2016.03.14 12:14:13.265,1.90469,1.90503,1.12,1.00
2016.03.14 12:14:13.315,1.90475,1.90503,1.00,1.00
2016.03.14 12:14:13.473,1.90475,1.90509,1.50,1.00
2016.03.14 12:14:13.524,1.90476,1.90509,1.12,1.00
2016.03.14 12:14:14.027,1.9048,1.9051,1.37,1.00
2016.03.14 12:14:14.330,1.9048,1.90508,1.37,1.00
2016.03.14 12:14:14.431,1.90475,1.90508,1.12,1.00
2016.03.14 12:14:14.482,1.90475,1.90503,1.12,1.00
2016.03.14 12:14:14.790,1.90475,1.90501,1.00,1.37
2016.03.14 12:14:14.841,1.90465,1.905,1.12,1.37
2016.03.14 12:14:15.028,1.90456,1.90491,1.87,1.12
2016.03.14 12:14:15.643,1.90457,1.90491,1.00,1.00
2016.03.14 12:14:16.149,1.90457,1.9049,1.00,1.00
2016.03.14 12:14:16.447,1.90457,1.90487,1.50,1.00
2016.03.14 12:14:16.952,1.90453,1.90487,1.50,1.00
2016.03.14 12:14:18.908,1.90453,1.90487,1.37,1.00
2016.03.14 12:14:19.417,1.90453,1.90487,1.37,1.00
2016.03.14 12:14:19.798,1.90452,1.90486,1.37,1.37
2016.03.14 12:14:20.361,1.90452,1.90486,1.37,1.37
2016.03.14 12:14:20.865,1.90452,1.90486,1.37,1.37
2016.03.14 12:14:21.415,1.90452,1.90481,1.37,1.37
2016.03.14 12:14:21.516,1.90452,1.90481,1.00,1.00
2016.03.14 12:14:21.618,1.90451,1.90484,1.50,1.37
2016.03.14 12:14:21.921,1.90451,1.90476,1.00,1.00
2016.03.14 12:14:22.432,1.9045,1.90475,1.00,1.00
2016.03.14 12:14:22.483,1.9045,1.90481,1.12,1.47
2016.03.14 12:14:22.534,1.90449,1.90476,1.75,1.10
2016.03.14 12:14:22.585,1.90449,1.90476,1.00,1.10
2016.03.14 12:14:22.636,1.90445,1.90473,1.00,1.37
2016.03.14 12:14:22.687,1.90442,1.90473,1.00,1.37
2016.03.14 12:14:22.738,1.90439,1.90472,1.50,1.47
2016.03.14 12:14:22.839,1.90438,1.90463,1.37,1.00
2016.03.14 12:14:22.890,1.90438,1.90463,1.00,1.00
2016.03.14 12:14:23.243,1.90438,1.90464,1.75,1.00
2016.03.14 12:14:23.395,1.9044,1.9047,1.75,1.00
2016.03.14 12:14:23.936,1.90441,1.90471,1.75,1.00
2016.03.14 12:14:24.390,1.90441,1.90469,1.12,1.00
2016.03.14 12:14:24.592,1.9044,1.90471,1.87,1.00
2016.03.14 12:14:25.344,1.90441,1.90473,1.12,1.00
2016.03.14 12:14:25.740,1.9044,1.90477,1.75,1.57
2016.03.14 12:14:27.142,1.9044,1.90477,1.87,1.95
2016.03.14 12:14:27.193,1.9044,1.90473,1.87,1.10
2016.03.14 12:14:27.397,1.90436,1.90467,1.12,1.00
2016.03.14 12:14:27.448,1.90436,1.90462,1.87,1.00
2016.03.14 12:14:27.798,1.90434,1.90464,1.75,1.00
2016.03.14 12:14:27.999,1.90436,1.90462,1.12,1.00
2016.03.14 12:14:28.101,1.90436,1.90465,1.12,1.00
2016.03.14 12:14:28.353,1.90434,1.90463,1.75,1.00
2016.03.14 12:14:28.658,1.90436,1.90461,1.12,1.00
2016.03.14 12:14:29.715,1.90438,1.90461,1.00,1.00
2016.03.14 12:14:29.917,1.90455,1.90485,1.50,1.00
2016.03.14 12:14:30.775,1.90455,1.90488,1.50,1.00
2016.03.14 12:14:31.077,1.90455,1.9049,2.25,1.00
2016.03.14 12:14:31.628,1.90456,1.90489,1.37,1.12
2016.03.14 12:14:33.044,1.90456,1.90486,1.37,1.00
2016.03.14 12:14:33.404,1.90456,1.90484,1.37,1.00
2016.03.14 12:14:33.938,1.90455,1.90482,1.37,1.00
2016.03.14 12:14:34.039,1.90455,1.90484,1.37,1.00
2016.03.14 12:14:34.293,1.9045,1.90484,1.87,1.00
2016.03.14 12:14:34.394,1.9045,1.90486,1.87,1.00
2016.03.14 12:14:35.021,1.90453,1.90486,1.57,1.00
2016.03.14 12:14:35.072,1.90456,1.90491,1.37,1.12
2016.03.14 12:14:35.123,1.90462,1.90491,1.00,1.12
2016.03.14 12:14:35.174,1.90462,1.90494,1.00,1.00
2016.03.14 12:14:35.357,1.90463,1.90494,1.50,1.00
2016.03.14 12:14:35.459,1.90463,1.90494,1.00,1.00
2016.03.14 12:14:35.560,1.90461,1.90495,1.50,1.00
2016.03.14 12:14:35.662,1.90458,1.90494,1.00,1.95
2016.03.14 12:14:35.966,1.90457,1.90492,1.87,1.00
2016.03.14 12:14:36.278,1.90457,1.9049,1.37,1.00
2016.03.14 12:14:36.981,1.90457,1.9049,1.37,1.00
2016.03.14 12:14:37.507,1.90457,1.9049,1.37,1.00
2016.03.14 12:14:37.761,1.90457,1.90489,1.00,1.00
2016.03.14 12:14:38.107,1.90457,1.90489,1.37,1.00
2016.03.14 12:14:38.609,1.90457,1.90489,1.37,1.00
2016.03.14 12:14:39.183,1.90457,1.90489,1.00,1.37
2016.03.14 12:14:39.234,1.90451,1.90485,1.87,1.00
2016.03.14 12:14:39.285,1.90451,1.90485,1.50,1.37
2016.03.14 12:14:39.436,1.90451,1.90479,1.00,1.00
2016.03.14 12:14:39.537,1.90452,1.90482,1.00,1.37
2016.03.14 12:14:39.760,1.90457,1.90482,1.00,1.12
2016.03.14 12:14:41.769,1.90451,1.90484,1.12,1.12
2016.03.14 12:14:42.169,1.90452,1.90483,1.00,1.37
2016.03.14 12:14:43.262,1.90451,1.90478,1.00,1.12
2016.03.14 12:14:43.414,1.90447,1.90475,1.00,1.00
2016.03.14 12:14:43.465,1.90442,1.90475,2.62,1.37
2016.03.14 12:14:43.617,1.90442,1.90472,1.87,1.00
2016.03.14 12:14:43.719,1.90442,1.90472,1.00,1.00
2016.03.14 12:14:43.871,1.90442,1.90474,1.00,1.00
2016.03.14 12:14:43.922,1.90442,1.90474,1.37,1.00
2016.03.14 12:14:44.225,1.90446,1.90472,1.00,1.00
2016.03.14 12:14:44.731,1.90447,1.90474,1.00,1.12
2016.03.14 12:14:44.832,1.90447,1.90471,1.00,1.00
2016.03.14 12:14:44.933,1.90447,1.90475,1.00,1.00
2016.03.14 12:14:45.467,1.90446,1.90475,1.00,1.37
2016.03.14 12:14:45.735,1.90446,1.90472,1.12,1.00
2016.03.14 12:14:45.938,1.90447,1.90475,1.00,1.00
2016.03.14 12:14:47.251,1.90444,1.9048,1.00,1.37
2016.03.14 12:14:47.353,1.9045,1.90485,1.00,1.37
2016.03.14 12:14:47.403,1.9045,1.90485,1.87,1.00
2016.03.14 12:14:47.504,1.90452,1.90485,1.00,1.37
2016.03.14 12:14:47.808,1.90452,1.90481,1.00,1.00
2016.03.14 12:14:48.055,1.90447,1.9048,1.87,1.00
2016.03.14 12:14:48.207,1.90447,1.90481,1.00,1.37
2016.03.14 12:14:48.257,1.90444,1.90476,1.00,1.47
2016.03.14 12:14:48.309,1.90444,1.90476,1.00,1.47
2016.03.14 12:14:48.361,1.90437,1.90474,1.37,1.37
2016.03.14 12:14:48.462,1.90437,1.90469,1.12,1.00
2016.03.14 12:14:49.018,1.90436,1.90466,1.00,1.00
2016.03.14 12:14:49.349,1.90436,1.90462,1.00,1.00
2016.03.14 12:14:49.450,1.90436,1.90465,1.00,1.00
2016.03.14 12:14:49.501,1.90437,1.90465,1.00,1.37
2016.03.14 12:14:49.803,1.90429,1.90456,1.37,1.00
2016.03.14 12:14:50.207,1.90428,1.90461,1.37,1.37
2016.03.14 12:14:50.580,1.90429,1.90457,1.37,1.00
2016.03.14 12:14:50.883,1.90428,1.9046,1.37,1.12
2016.03.14 12:14:51.136,1.90423,1.9046,2.62,1.00
2016.03.14 12:14:51.561,1.90423,1.9046,2.62,1.00
2016.03.14 12:14:52.225,1.90423,1.9046,2.62,1.00
2016.03.14 12:14:52.827,1.90423,1.9046,2.62,1.00
2016.03.14 12:14:53.362,1.90423,1.9046,2.62,1.00
2016.03.14 12:14:53.564,1.90423,1.9046,2.62,1.00
2016.03.14 12:14:54.248,1.90423,1.9046,2.62,1.00
2016.03.14 12:14:54.853,1.90423,1.9046,2.62,1.00
2016.03.14 12:14:55.206,1.90422,1.90455,1.37,1.37
2016.03.14 12:14:55.257,1.90418,1.90455,1.00,1.37
2016.03.14 12:14:55.408,1.90413,1.90449,1.87,1.00
2016.03.14 12:14:55.459,1.90413,1.90449,1.00,1.00
2016.03.14 12:14:55.611,1.90415,1.9045,1.00,1.00
2016.03.14 12:14:56.152,1.90413,1.90449,1.37,1.00
2016.03.14 12:14:56.691,1.90413,1.90449,1.75,1.00
2016.03.14 12:14:57.243,1.90413,1.90449,1.75,1.00
2016.03.14 12:14:57.846,1.90413,1.90449,1.75,1.00
2016.03.14 12:14:58.158,1.90414,1.90451,1.37,1.00
2016.03.14 12:14:58.259,1.90412,1.90447,1.37,1.00
2016.03.14 12:14:58.461,1.90413,1.9045,1.00,2.32
2016.03.14 12:14:58.613,1.90416,1.9045,1.37,1.00
2016.03.14 12:14:58.714,1.90416,1.90451,1.12,1.00
2016.03.14 12:14:58.815,1.90421,1.90457,1.00,1.47
2016.03.14 12:14:58.945,1.90415,1.9045,1.87,1.00
2016.03.14 12:14:59.147,1.90416,1.90453,1.12,1.10
2016.03.14 12:15:00.063,1.90416,1.90452,1.00,1.10
2016.03.14 12:15:00.114,1.90415,1.9045,1.00,1.37
2016.03.14 12:15:00.450,1.90415,1.90446,1.00,1.10
2016.03.14 12:15:00.551,1.90408,1.90443,1.00,1.00
2016.03.14 12:15:01.061,1.90407,1.90442,1.00,1.10
2016.03.14 12:15:01.593,1.90407,1.90441,1.00,1.10
2016.03.14 12:15:01.694,1.90405,1.90441,1.00,1.10
2016.03.14 12:15:01.744,1.90405,1.90442,1.00,1.95
2016.03.14 12:15:01.795,1.90399,1.90437,2.25,1.00
2016.03.14 12:15:02.154,1.90402,1.90437,1.00,1.00
2016.03.14 12:15:02.459,1.90408,1.90443,1.00,1.00
2016.03.14 12:15:05.610,1.90407,1.90442,1.00,1.00
2016.03.14 12:15:07.772,1.90407,1.90442,1.37,1.00
2016.03.14 12:15:07.823,1.90408,1.90445,1.12,1.00
2016.03.14 12:15:08.588,1.90409,1.90445,1.00,1.00
2016.03.14 12:15:11.293,1.90409,1.90442,1.50,1.37
2016.03.14 12:15:11.344,1.90402,1.90436,1.37,1.87
2016.03.14 12:15:11.395,1.90401,1.90433,1.50,1.12
