2016.03.14 21:00:00.425,1.90277,1.90395,0.82,0.82
2016.03.14 21:00:00.637,1.90228,1.90391,0.75,0.75
2016.03.14 21:00:01.530,1.9024,1.90386,0.75,0.75
2016.03.14 21:00:02.264,1.90231,1.90371,0.75,0.75
2016.03.14 21:00:03.527,1.90232,1.9036,0.75,0.75
2016.03.14 21:00:05.631,1.90234,1.90349,0.75,0.75
2016.03.14 21:00:15.645,1.90242,1.90353,0.75,0.75
2016.03.14 21:00:18.549,1.90232,1.90424,0.75,0.75
2016.03.14 21:00:21.880,1.90232,1.90403,0.75,0.75
2016.03.14 21:00:35.397,1.90227,1.90403,0.75,0.75
2016.03.14 21:00:52.165,1.90227,1.90393,0.75,0.75
2016.03.14 21:01:01.229,1.90236,1.90393,0.75,0.75
2016.03.14 21:01:01.933,1.90236,1.90392,2.00,0.75
2016.03.14 21:01:07.139,1.90253,1.90409,0.75,0.75
2016.03.14 21:01:07.681,1.90253,1.90404,0.75,0.75
2016.03.14 21:01:13.440,1.90257,1.90417,0.75,0.75
2016.03.14 21:01:13.557,1.90265,1.90431,0.75,0.75
2016.03.14 21:01:42.413,1.90253,1.90419,0.75,0.75
2016.03.14 21:02:36.146,1.90253,1.9041,0.75,0.82
2016.03.14 21:02:37.558,1.90253,1.90412,0.75,0.82
2016.03.14 21:02:39.775,1.90253,1.904,0.82,0.75
2016.03.14 21:02:39.876,1.90241,1.904,0.82,0.75
2016.03.14 21:02:39.949,1.90238,1.904,0.82,0.75
2016.03.14 21:02:40.750,1.90237,1.904,0.82,0.75
2016.03.14 21:02:41.444,1.90248,1.90407,0.75,0.82
2016.03.14 21:02:41.496,1.90248,1.90415,0.75,0.82
2016.03.14 21:02:41.651,1.90248,1.90418,0.75,1.57
2016.03.14 21:02:51.262,1.90248,1.90417,0.75,0.82
2016.03.14 21:03:06.770,1.90248,1.90418,0.75,1.57
2016.03.14 21:03:07.273,1.90249,1.90418,0.82,0.75
2016.03.14 21:03:23.680,1.90248,1.90418,0.75,1.57
2016.03.14 21:03:23.880,1.90248,1.90416,0.75,0.82
2016.03.14 21:03:36.090,1.90248,1.90414,0.75,0.82
2016.03.14 21:03:36.451,1.90248,1.90407,0.75,0.75
2016.03.14 21:03:36.941,1.90246,1.90407,0.82,0.75
2016.03.14 21:03:39.129,1.90244,1.90407,0.82,0.75
2016.03.14 21:04:24.848,1.9026,1.90406,1.00,1.00
2016.03.14 21:04:58.717,1.9026,1.904,1.00,1.10
2016.03.14 21:04:59.085,1.9026,1.90392,1.00,1.00
2016.03.14 21:04:59.894,1.90259,1.90384,1.00,1.00
2016.03.14 21:05:09.011,1.90275,1.90384,1.10,1.00
2016.03.14 21:05:09.642,1.90276,1.90384,1.10,1.00
2016.03.14 21:05:19.752,1.90264,1.90384,1.00,1.00
2016.03.14 21:05:19.817,1.90256,1.90383,1.00,1.00
2016.03.14 21:05:34.742,1.90264,1.90384,1.00,1.00
2016.03.14 21:05:54.056,1.90278,1.90383,1.00,1.00
2016.03.14 21:05:57.074,1.90281,1.90384,2.25,1.00
2016.03.14 21:05:57.174,1.90287,1.90391,1.10,1.00
2016.03.14 21:05:57.520,1.90289,1.90391,1.10,1.00
2016.03.14 21:05:58.622,1.90297,1.90391,1.10,1.00
2016.03.14 21:05:59.211,1.90298,1.90391,1.10,1.00
2016.03.14 21:05:59.869,1.903,1.90391,1.10,1.00
2016.03.14 21:06:00.532,1.90299,1.90391,1.10,1.00
2016.03.14 21:06:02.437,1.90305,1.90391,1.10,1.00
2016.03.14 21:06:02.613,1.90307,1.90398,1.10,1.00
2016.03.14 21:06:02.725,1.90309,1.90398,1.10,1.00
2016.03.14 21:06:04.331,1.90306,1.90398,2.25,1.00
2016.03.14 21:06:04.486,1.90293,1.90398,1.00,1.00
2016.03.14 21:06:05.389,1.90291,1.90392,1.10,1.00
2016.03.14 21:06:05.972,1.90292,1.90392,1.10,1.00
2016.03.14 21:06:07.076,1.90292,1.90391,1.10,1.00
2016.03.14 21:06:09.031,1.90286,1.90391,3.00,1.00
2016.03.14 21:06:09.182,1.90277,1.90391,1.00,1.00
2016.03.14 21:06:10.532,1.90277,1.90382,1.00,1.00
2016.03.14 21:06:16.490,1.90269,1.90382,1.00,1.00
2016.03.14 21:06:17.337,1.90269,1.90374,1.00,1.00
2016.03.14 21:06:32.066,1.90262,1.90373,1.00,1.00
2016.03.14 21:07:04.069,1.90262,1.90379,1.00,1.00
2016.03.14 21:07:20.200,1.90251,1.90379,1.00,1.10
2016.03.14 21:07:21.009,1.90251,1.90377,1.00,1.10
2016.03.14 21:07:21.210,1.90251,1.9038,1.00,1.00
2016.03.14 21:07:26.014,1.90252,1.9038,1.10,1.00
2016.03.14 21:07:26.314,1.90255,1.9038,1.10,1.00
2016.03.14 21:07:27.204,1.9026,1.9038,1.00,1.00
2016.03.14 21:07:31.310,1.90256,1.90373,1.10,1.00
2016.03.14 21:07:31.360,1.90251,1.90373,1.00,1.00
2016.03.14 21:07:36.919,1.90253,1.90373,1.10,1.00
2016.03.14 21:07:40.722,1.90255,1.90373,1.10,1.00
2016.03.14 21:07:41.224,1.90254,1.90373,1.10,1.00
2016.03.14 21:07:45.626,1.90251,1.90373,1.57,1.00
2016.03.14 21:07:45.726,1.90253,1.90373,1.10,1.00
2016.03.14 21:07:46.260,1.90252,1.90382,1.00,1.00
2016.03.14 21:07:48.669,1.90261,1.90382,1.57,1.00
2016.03.14 21:07:49.930,1.90262,1.90382,1.10,1.00
2016.03.14 21:07:50.231,1.90269,1.90382,1.10,1.00
2016.03.14 21:07:50.431,1.90266,1.90382,1.10,1.00
2016.03.14 21:07:51.332,1.90269,1.90382,1.10,1.00
2016.03.14 21:07:51.431,1.90267,1.90382,1.10,1.00
2016.03.14 21:07:51.660,1.90276,1.90382,1.10,1.00
2016.03.14 21:07:51.962,1.90288,1.90409,1.00,1.00
2016.03.14 21:07:59.519,1.90288,1.90409,1.34,1.00
2016.03.14 21:07:59.839,1.9033,1.90415,1.10,1.00
2016.03.14 21:07:59.893,1.9033,1.9043,1.10,1.00
2016.03.14 21:08:00.700,1.90331,1.90429,1.10,1.00
2016.03.14 21:08:00.807,1.90326,1.90429,1.10,1.00
2016.03.14 21:08:00.908,1.90319,1.90428,2.25,1.10
2016.03.14 21:08:01.008,1.90292,1.90422,1.10,1.00
2016.03.14 21:08:01.411,1.9029,1.90421,1.10,1.00
2016.03.14 21:08:03.910,1.90292,1.90421,1.10,1.00
2016.03.14 21:08:04.211,1.90345,1.90424,1.10,1.00
2016.03.14 21:08:04.312,1.90345,1.90431,1.10,1.00
2016.03.14 21:08:04.413,1.90338,1.90431,1.57,1.00
2016.03.14 21:08:04.513,1.90358,1.90449,0.82,2.25
2016.03.14 21:08:04.861,1.90361,1.90446,1.10,1.00
2016.03.14 21:08:05.041,1.90358,1.90446,1.10,1.00
2016.03.14 21:08:05.212,1.90358,1.90456,1.10,1.00
2016.03.14 21:08:05.327,1.9036,1.90456,1.10,1.00
2016.03.14 21:08:05.652,1.90363,1.90456,1.10,1.00
2016.03.14 21:08:08.344,1.9036,1.90456,1.10,1.00
2016.03.14 21:08:10.075,1.9036,1.90455,1.10,1.00
2016.03.14 21:08:10.731,1.90363,1.90455,1.10,1.00
2016.03.14 21:08:12.132,1.90362,1.90455,1.10,1.00
2016.03.14 21:08:19.267,1.90361,1.90455,1.10,1.00
2016.03.14 21:08:19.472,1.9035,1.90455,1.00,1.00
2016.03.14 21:08:19.523,1.90332,1.90449,1.10,1.00
2016.03.14 21:08:19.623,1.90309,1.90448,1.00,1.10
2016.03.14 21:08:19.674,1.90299,1.90448,2.25,1.10
2016.03.14 21:08:19.774,1.9027,1.90442,2.25,2.25
2016.03.14 21:08:19.831,1.9027,1.90435,2.25,1.00
2016.03.14 21:08:21.090,1.9027,1.90436,2.25,1.00
2016.03.14 21:08:23.700,1.90272,1.90436,1.10,1.00
2016.03.14 21:08:23.778,1.9027,1.90436,2.25,1.00
2016.03.14 21:08:23.828,1.90272,1.90436,2.25,1.00
2016.03.14 21:08:24.421,1.90273,1.90435,2.25,1.00
2016.03.14 21:08:27.801,1.90265,1.90436,1.10,1.00
2016.03.14 21:08:29.208,1.90268,1.90436,1.10,1.00
2016.03.14 21:08:29.483,1.90265,1.90436,1.10,1.00
2016.03.14 21:08:29.999,1.90266,1.90436,1.10,1.00
2016.03.14 21:08:30.105,1.90269,1.90436,2.25,1.00
2016.03.14 21:08:31.206,1.90269,1.90434,2.25,2.25
2016.03.14 21:08:32.407,1.90268,1.90433,2.25,2.25
2016.03.14 21:08:38.619,1.90273,1.90433,1.00,2.25
2016.03.14 21:08:38.678,1.90268,1.90433,2.25,2.25
2016.03.14 21:08:38.732,1.90347,1.90438,1.00,0.75
2016.03.14 21:08:38.833,1.90347,1.90441,1.00,0.75
2016.03.14 21:08:39.028,1.90348,1.90449,1.00,1.00
2016.03.14 21:08:41.895,1.90351,1.90449,1.10,1.00
2016.03.14 21:08:43.119,1.90352,1.90449,1.10,1.00
2016.03.14 21:08:43.682,1.9035,1.90437,1.10,1.00
2016.03.14 21:08:44.308,1.90351,1.90437,1.10,1.00
2016.03.14 21:08:44.829,1.90351,1.90438,1.10,1.00
2016.03.14 21:08:45.899,1.90347,1.90438,1.00,1.00
2016.03.14 21:08:46.060,1.90307,1.90446,1.00,1.00
2016.03.14 21:08:46.160,1.903,1.90445,2.25,1.00
2016.03.14 21:08:46.261,1.90272,1.90439,2.25,2.25
2016.03.14 21:08:46.362,1.90268,1.90436,3.07,2.25
2016.03.14 21:08:46.462,1.90269,1.90432,3.07,1.00
2016.03.14 21:08:46.982,1.90268,1.90433,1.10,1.00
2016.03.14 21:08:48.939,1.9027,1.90433,1.10,1.00
2016.03.14 21:08:49.293,1.9027,1.90431,1.10,2.25
2016.03.14 21:08:49.832,1.9027,1.90432,1.10,1.00
2016.03.14 21:08:50.205,1.90273,1.90432,1.10,1.00
2016.03.14 21:08:50.405,1.90271,1.90432,1.10,1.00
2016.03.14 21:08:52.235,1.90271,1.90433,1.10,3.00
2016.03.14 21:08:55.178,1.90271,1.90432,1.10,1.00
2016.03.14 21:08:58.146,1.90271,1.90431,1.10,2.25
2016.03.14 21:09:03.534,1.90268,1.90431,1.10,2.25
2016.03.14 21:09:03.654,1.90268,1.90421,1.10,1.00
2016.03.14 21:09:04.474,1.90267,1.90421,1.10,1.00
2016.03.14 21:09:06.318,1.90268,1.90421,1.10,1.00
2016.03.14 21:09:06.819,1.90269,1.90422,1.10,1.00
2016.03.14 21:09:07.445,1.90268,1.90422,1.10,1.00
2016.03.14 21:09:12.776,1.9027,1.90421,1.50,1.00
2016.03.14 21:09:14.825,1.90324,1.90421,0.82,0.75
2016.03.14 21:09:14.976,1.90345,1.90446,1.00,1.50
2016.03.14 21:09:15.214,1.90345,1.90453,1.00,1.00
2016.03.14 21:09:15.877,1.90316,1.90441,1.10,1.00
2016.03.14 21:09:15.977,1.90287,1.90441,2.25,1.57
2016.03.14 21:09:16.078,1.90269,1.90439,1.10,2.25
2016.03.14 21:09:16.172,1.90269,1.90437,1.10,1.00
2016.03.14 21:09:16.687,1.90269,1.90429,1.10,1.00
2016.03.14 21:09:17.148,1.90265,1.90429,1.00,1.00
2016.03.14 21:09:17.199,1.90264,1.90433,3.00,2.25
2016.03.14 21:09:17.312,1.90372,1.90516,1.50,2.25
2016.03.14 21:09:21.228,1.90372,1.90515,1.00,2.25
2016.03.14 21:09:22.533,1.90398,1.90515,1.10,2.25
2016.03.14 21:09:23.084,1.90398,1.90516,1.10,2.25
2016.03.14 21:09:23.392,1.90401,1.90517,1.10,2.25
2016.03.14 21:09:23.442,1.90395,1.90517,1.10,2.25
2016.03.14 21:09:23.552,1.90395,1.90523,1.10,2.25
2016.03.14 21:09:23.736,1.90399,1.90523,1.10,2.25
2016.03.14 21:09:24.282,1.90399,1.90522,1.10,2.25
2016.03.14 21:09:25.188,1.90399,1.90525,1.10,2.25
2016.03.14 21:09:25.652,1.90397,1.90525,1.10,2.25
2016.03.14 21:09:25.834,1.90404,1.90525,1.10,2.25
2016.03.14 21:09:26.534,1.90401,1.90525,1.00,2.25
2016.03.14 21:09:26.641,1.90397,1.90526,1.10,2.25
2016.03.14 21:09:26.735,1.90399,1.90526,1.10,2.25
2016.03.14 21:09:29.437,1.90403,1.90526,1.10,2.25
2016.03.14 21:09:29.496,1.90403,1.90528,1.10,1.00
2016.03.14 21:09:29.648,1.90405,1.90528,1.10,1.00
2016.03.14 21:09:32.254,1.90404,1.90528,1.10,1.00
2016.03.14 21:09:33.641,1.90407,1.90528,1.10,1.00
2016.03.14 21:09:33.841,1.90403,1.90526,1.10,2.25
2016.03.14 21:09:33.942,1.90403,1.9054,1.10,1.00
2016.03.14 21:09:34.042,1.90405,1.9054,1.10,1.00
2016.03.14 21:09:35.143,1.90403,1.9054,1.10,1.00
2016.03.14 21:09:35.784,1.90404,1.9054,1.10,1.00
2016.03.14 21:09:38.788,1.904,1.9054,1.10,1.00
2016.03.14 21:09:38.839,1.904,1.90504,1.10,1.00
2016.03.14 21:09:39.188,1.90412,1.90504,1.10,1.00
2016.03.14 21:09:40.191,1.90416,1.90504,1.10,1.00
2016.03.14 21:09:45.252,1.90371,1.90485,1.00,1.10
2016.03.14 21:09:45.320,1.90361,1.90445,1.10,1.00
2016.03.14 21:09:45.370,1.90333,1.90445,1.10,1.00
2016.03.14 21:09:45.582,1.90337,1.90445,1.10,1.00
2016.03.14 21:09:46.103,1.90338,1.90445,1.10,1.00
2016.03.14 21:09:46.153,1.90291,1.90446,2.25,1.10
2016.03.14 21:09:46.222,1.90292,1.9044,2.25,1.00
2016.03.14 21:09:47.438,1.90281,1.90461,2.25,2.25
2016.03.14 21:09:48.027,1.9028,1.9046,2.25,2.25
2016.03.14 21:09:49.155,1.90281,1.90461,2.25,2.25
2016.03.14 21:09:52.832,1.90271,1.90461,2.25,2.25
2016.03.14 21:09:55.036,1.9027,1.90462,2.25,2.25
2016.03.14 21:09:55.265,1.90278,1.90465,2.25,2.25
2016.03.14 21:09:55.643,1.90281,1.90463,2.25,2.25
2016.03.14 21:09:56.738,1.90287,1.90443,2.25,1.00
2016.03.14 21:09:57.839,1.90288,1.90443,2.25,1.00
2016.03.14 21:09:58.615,1.90289,1.90443,2.25,1.00
2016.03.14 21:10:04.374,1.90288,1.90443,2.25,1.00
2016.03.14 21:10:04.544,1.90283,1.90443,1.10,1.00
2016.03.14 21:10:05.452,1.90287,1.90423,2.25,1.00
2016.03.14 21:10:05.555,1.90284,1.90423,2.25,1.00
2016.03.14 21:10:05.655,1.90289,1.90422,2.25,1.00
2016.03.14 21:10:05.777,1.90281,1.90422,2.25,1.00
2016.03.14 21:10:07.749,1.90279,1.90423,2.25,1.00
2016.03.14 21:10:07.968,1.90284,1.90423,2.25,1.00
2016.03.14 21:10:08.299,1.90292,1.90423,2.25,1.00
2016.03.14 21:10:08.650,1.90289,1.90422,2.25,1.00
2016.03.14 21:10:10.184,1.90285,1.90423,2.25,1.00
2016.03.14 21:10:10.285,1.90291,1.90422,2.25,1.00
2016.03.14 21:10:10.500,1.90289,1.90422,2.25,1.00
2016.03.14 21:10:10.801,1.90292,1.90422,2.25,1.00
2016.03.14 21:10:11.101,1.90283,1.9042,2.25,1.10
2016.03.14 21:10:11.263,1.9029,1.90423,2.25,1.00
2016.03.14 21:10:12.188,1.90289,1.90423,2.25,1.00
2016.03.14 21:10:12.398,1.90286,1.90422,2.25,1.10
2016.03.14 21:10:12.452,1.9029,1.90423,1.10,1.00
2016.03.14 21:10:12.863,1.90296,1.90423,2.25,1.00
2016.03.14 21:10:13.991,1.90294,1.90423,2.25,1.00
2016.03.14 21:10:14.866,1.90287,1.90423,1.10,1.57
2016.03.14 21:10:14.916,1.90289,1.90423,1.10,1.00
2016.03.14 21:10:15.243,1.90297,1.90417,2.25,1.10
2016.03.14 21:10:15.293,1.90287,1.90417,2.25,1.10
2016.03.14 21:10:15.416,1.90287,1.90423,3.07,1.57
2016.03.14 21:10:15.566,1.90293,1.90423,2.25,1.57
2016.03.14 21:10:15.917,1.90293,1.9042,2.25,1.10
2016.03.14 21:10:15.967,1.90287,1.9042,3.07,1.10
2016.03.14 21:10:16.018,1.9029,1.90422,1.10,1.57
2016.03.14 21:10:16.494,1.90294,1.90422,2.25,1.57
2016.03.14 21:10:18.194,1.90291,1.90423,2.25,1.00
2016.03.14 21:10:18.499,1.90297,1.90422,2.25,1.00
2016.03.14 21:10:18.599,1.90288,1.90421,2.25,1.10
2016.03.14 21:10:18.674,1.90286,1.90421,1.10,1.10
2016.03.14 21:10:18.724,1.90288,1.90422,1.10,1.10
2016.03.14 21:10:19.075,1.90284,1.90418,3.07,1.10
2016.03.14 21:10:19.522,1.90289,1.90419,2.25,1.10
2016.03.14 21:10:19.776,1.90283,1.90417,2.25,1.10
2016.03.14 21:10:20.002,1.9029,1.90418,2.25,1.10
2016.03.14 21:10:20.173,1.9029,1.90421,2.25,1.10
2016.03.14 21:10:20.400,1.90285,1.90418,2.25,1.10
2016.03.14 21:10:20.561,1.90288,1.90421,1.10,1.10
2016.03.14 21:10:20.882,1.90291,1.90423,2.25,1.57
2016.03.14 21:10:22.209,1.90291,1.9042,2.25,1.10
2016.03.14 21:10:22.310,1.90286,1.9042,3.07,1.10
2016.03.14 21:10:22.362,1.90291,1.90423,1.10,1.57
2016.03.14 21:10:22.813,1.90293,1.90423,2.25,1.10
2016.03.14 21:10:23.016,1.90287,1.90419,2.25,1.10
2016.03.14 21:10:23.195,1.90294,1.90421,2.25,1.10
2016.03.14 21:10:23.414,1.90286,1.90417,2.25,1.10
2016.03.14 21:10:24.265,1.90286,1.90418,3.07,1.10
2016.03.14 21:10:24.423,1.90289,1.90418,2.25,1.10
2016.03.14 21:10:24.473,1.90289,1.90422,2.25,1.10
2016.03.14 21:10:24.523,1.90292,1.90422,2.25,1.10
2016.03.14 21:10:24.702,1.90285,1.90418,2.25,1.10
2016.03.14 21:10:24.880,1.90286,1.9042,1.10,1.10
2016.03.14 21:10:24.988,1.90292,1.9042,2.25,1.10
2016.03.14 21:10:25.579,1.90292,1.90419,2.25,1.10
2016.03.14 21:10:25.630,1.90287,1.90419,2.25,1.10
2016.03.14 21:10:25.680,1.90287,1.90416,2.25,1.10
2016.03.14 21:10:25.785,1.90287,1.90419,2.25,1.10
2016.03.14 21:10:25.846,1.90292,1.90419,2.25,1.10
2016.03.14 21:10:26.017,1.90288,1.90418,2.25,1.10
2016.03.14 21:10:26.737,1.90288,1.90417,2.25,1.10
2016.03.14 21:10:27.177,1.90288,1.90421,3.07,1.10
2016.03.14 21:10:27.227,1.90291,1.90421,2.25,1.10
2016.03.14 21:10:27.531,1.9029,1.90423,2.25,1.10
2016.03.14 21:10:27.795,1.90296,1.90422,2.25,1.10
2016.03.14 21:10:27.928,1.90292,1.90423,2.25,1.10
2016.03.14 21:10:29.179,1.90292,1.90418,2.25,1.10
2016.03.14 21:10:29.229,1.9029,1.90418,2.25,1.10
2016.03.14 21:10:29.412,1.90297,1.90421,2.25,1.10
2016.03.14 21:10:29.596,1.90288,1.90417,2.25,1.10
2016.03.14 21:10:29.797,1.90283,1.90417,2.25,1.10
2016.03.14 21:10:30.203,1.90288,1.90421,2.25,1.10
2016.03.14 21:10:30.530,1.90283,1.90417,2.25,1.10
2016.03.14 21:10:30.680,1.90286,1.90418,1.10,1.10
2016.03.14 21:10:30.981,1.90289,1.90421,2.25,1.00
2016.03.14 21:10:31.359,1.90289,1.90419,2.25,1.10
2016.03.14 21:10:31.409,1.90289,1.90421,2.25,1.00
2016.03.14 21:10:32.209,1.90285,1.90419,3.07,1.10
2016.03.14 21:10:32.282,1.90287,1.90423,1.10,1.00
2016.03.14 21:10:32.332,1.90299,1.90427,2.25,1.10
2016.03.14 21:10:32.383,1.90299,1.9043,2.25,1.10
2016.03.14 21:10:32.433,1.90301,1.9043,2.25,1.10
2016.03.14 21:10:32.484,1.90301,1.90436,2.25,1.00
2016.03.14 21:10:32.602,1.90307,1.90436,2.25,1.00
2016.03.14 21:10:33.008,1.90312,1.90436,2.25,1.00
2016.03.14 21:10:34.242,1.90317,1.90435,2.25,1.00
2016.03.14 21:10:34.420,1.90309,1.90435,2.25,1.57
2016.03.14 21:10:34.535,1.90317,1.90436,2.25,1.00
2016.03.14 21:10:36.236,1.90319,1.90435,2.25,1.00
2016.03.14 21:10:36.337,1.90318,1.90445,2.25,1.10
2016.03.14 21:10:36.586,1.90318,1.90435,2.25,1.10
2016.03.14 21:10:36.637,1.9031,1.90435,2.25,1.10
2016.03.14 21:10:36.787,1.9031,1.90439,2.25,1.10
2016.03.14 21:10:36.911,1.90318,1.90439,2.25,1.10
2016.03.14 21:10:37.112,1.90306,1.90437,2.25,1.10
2016.03.14 21:10:37.187,1.90306,1.90439,2.25,1.10
2016.03.14 21:10:37.287,1.90306,1.90442,2.25,1.10
2016.03.14 21:10:37.338,1.90313,1.90442,2.25,1.10
2016.03.14 21:10:37.960,1.90313,1.90443,2.25,1.10
2016.03.14 21:10:38.716,1.90312,1.90443,2.25,1.10
2016.03.14 21:10:39.189,1.90312,1.9044,2.25,1.10
2016.03.14 21:10:39.331,1.90308,1.90448,2.25,1.57
2016.03.14 21:10:39.417,1.90317,1.90448,2.25,1.57
2016.03.14 21:10:39.661,1.9031,1.90443,2.25,1.10
2016.03.14 21:10:39.762,1.9031,1.90447,2.25,1.00
2016.03.14 21:10:39.830,1.90317,1.90448,2.25,1.00
2016.03.14 21:10:41.191,1.90317,1.90446,2.25,1.10
2016.03.14 21:10:41.342,1.90306,1.90445,2.25,2.25
2016.03.14 21:10:41.443,1.90317,1.90448,2.25,1.00
2016.03.14 21:10:41.722,1.90303,1.90442,2.25,1.10
2016.03.14 21:10:41.830,1.90303,1.90445,2.25,1.10
2016.03.14 21:10:41.972,1.9031,1.90445,2.25,1.10
2016.03.14 21:10:42.022,1.9031,1.90447,2.25,1.57
2016.03.14 21:10:42.192,1.9031,1.90442,2.25,1.10
2016.03.14 21:10:42.323,1.90304,1.90442,2.25,1.10
2016.03.14 21:10:42.493,1.90304,1.90447,2.25,1.10
2016.03.14 21:10:42.544,1.90309,1.90447,2.25,1.10
2016.03.14 21:10:42.911,1.90305,1.90443,2.25,1.10
2016.03.14 21:10:43.526,1.90302,1.90443,2.25,1.10
2016.03.14 21:10:44.312,1.90302,1.90445,2.25,1.10
2016.03.14 21:10:44.363,1.9031,1.90445,2.25,1.10
2016.03.14 21:10:44.554,1.90303,1.90443,2.25,1.10
2016.03.14 21:10:44.605,1.90303,1.90445,2.25,2.25
2016.03.14 21:10:44.744,1.90311,1.90448,2.25,1.57
2016.03.14 21:10:45.096,1.90305,1.90438,2.25,1.10
2016.03.14 21:10:45.263,1.90294,1.90438,2.25,1.10
2016.03.14 21:10:45.314,1.90294,1.90443,2.25,1.10
2016.03.14 21:10:45.430,1.90303,1.90443,2.25,1.10
2016.03.14 21:10:45.497,1.90303,1.90446,2.25,1.10
2016.03.14 21:10:45.601,1.90303,1.90441,2.25,1.10
2016.03.14 21:10:45.651,1.90295,1.90441,2.25,1.10
2016.03.14 21:10:45.731,1.903,1.90441,2.25,1.10
2016.03.14 21:10:45.797,1.903,1.90443,2.25,2.25
2016.03.14 21:10:45.851,1.90302,1.90445,2.25,1.10
2016.03.14 21:10:47.515,1.90302,1.9044,2.25,1.10
2016.03.14 21:10:47.598,1.903,1.9044,2.25,1.10
2016.03.14 21:10:47.716,1.903,1.90444,2.25,2.25
2016.03.14 21:10:47.767,1.9031,1.90447,2.25,1.57
2016.03.14 21:10:47.936,1.90305,1.90445,2.25,1.10
2016.03.14 21:10:48.300,1.90305,1.90447,2.25,1.57
2016.03.14 21:10:48.350,1.90309,1.90447,2.25,1.10
2016.03.14 21:10:48.572,1.90292,1.90437,2.25,1.10
2016.03.14 21:10:48.723,1.90292,1.90442,2.25,2.25
2016.03.14 21:10:48.838,1.90302,1.90443,2.25,1.10
2016.03.14 21:10:49.176,1.90295,1.90437,2.25,1.10
2016.03.14 21:10:49.427,1.90295,1.90442,2.25,3.07
2016.03.14 21:10:49.478,1.90303,1.90442,2.25,1.10
2016.03.14 21:10:49.601,1.90303,1.90445,2.25,1.10
2016.03.14 21:10:49.729,1.90303,1.90438,2.25,1.10
2016.03.14 21:10:49.779,1.90294,1.90438,2.25,1.10
2016.03.14 21:10:49.880,1.90297,1.90443,2.25,3.07
2016.03.14 21:10:49.942,1.90304,1.90443,2.25,1.10
2016.03.14 21:10:50.142,1.90298,1.90441,2.25,1.10
2016.03.14 21:10:50.379,1.90303,1.90442,2.25,1.10
2016.03.14 21:10:50.736,1.90303,1.90432,2.25,1.10
2016.03.14 21:10:50.786,1.90293,1.90432,2.25,1.10
2016.03.14 21:10:50.903,1.90293,1.90441,2.25,2.25
2016.03.14 21:10:50.953,1.90301,1.90442,2.25,1.10
2016.03.14 21:10:51.254,1.90298,1.90434,2.25,1.00
2016.03.14 21:10:51.823,1.90307,1.90434,2.25,1.00
2016.03.14 21:10:52.254,1.90299,1.90441,2.25,1.10
2016.03.14 21:10:52.307,1.90299,1.90447,2.25,3.00
2016.03.14 21:10:52.358,1.90308,1.90446,2.25,1.00
2016.03.14 21:10:52.695,1.90306,1.90443,2.25,1.10
2016.03.14 21:10:52.947,1.90306,1.90446,2.25,1.00
2016.03.14 21:10:52.997,1.9031,1.90447,2.25,1.57
2016.03.14 21:10:53.349,1.90306,1.90447,2.25,1.57
2016.03.14 21:10:53.405,1.90306,1.90442,2.25,1.10
2016.03.14 21:10:53.456,1.90299,1.90442,2.25,1.10
2016.03.14 21:10:53.556,1.90302,1.90442,2.25,1.10
2016.03.14 21:10:53.607,1.90302,1.90446,2.25,3.07
2016.03.14 21:10:53.657,1.9031,1.90446,2.25,1.57
2016.03.14 21:10:55.175,1.90305,1.90447,2.25,1.00
2016.03.14 21:10:55.457,1.90314,1.90446,2.25,1.00
2016.03.14 21:10:55.759,1.90325,1.90447,2.25,1.00
2016.03.14 21:10:56.158,1.90318,1.90446,2.25,1.00
2016.03.14 21:10:56.358,1.90325,1.90446,2.25,1.00
2016.03.14 21:10:56.462,1.90314,1.90446,2.25,1.00
2016.03.14 21:10:56.759,1.9032,1.90446,2.25,1.00
2016.03.14 21:10:56.860,1.90314,1.90447,2.25,1.00
2016.03.14 21:10:57.260,1.9032,1.90446,2.25,1.00
2016.03.14 21:10:57.401,1.90311,1.90447,2.25,1.00
2016.03.14 21:10:57.560,1.90319,1.90446,2.25,1.00
2016.03.14 21:10:57.760,1.90309,1.90447,2.25,1.00
2016.03.14 21:10:57.960,1.90317,1.90447,2.25,1.00
2016.03.14 21:10:58.069,1.90308,1.90447,2.25,1.00
2016.03.14 21:10:58.292,1.9032,1.90446,2.25,1.00
2016.03.14 21:10:58.360,1.9031,1.90447,2.25,1.00
2016.03.14 21:10:58.573,1.90319,1.90447,2.25,1.57
2016.03.14 21:10:58.807,1.90312,1.90447,2.25,1.00
2016.03.14 21:10:59.169,1.90319,1.90446,2.25,1.00
2016.03.14 21:10:59.269,1.90308,1.90447,2.25,1.57
2016.03.14 21:10:59.469,1.90317,1.90446,2.25,1.00
2016.03.14 21:10:59.663,1.9031,1.90446,2.25,1.00
2016.03.14 21:10:59.864,1.90316,1.90445,2.25,1.10
2016.03.14 21:10:59.980,1.90304,1.90445,2.25,1.10
2016.03.14 21:11:00.164,1.90312,1.90446,2.25,1.00
2016.03.14 21:11:00.465,1.90306,1.90447,2.25,1.00
2016.03.14 21:11:00.565,1.9031,1.90447,2.25,1.00
2016.03.14 21:11:01.067,1.90319,1.90446,2.25,1.00
2016.03.14 21:11:01.667,1.90312,1.90447,2.25,1.00
2016.03.14 21:11:01.973,1.90317,1.90446,2.25,1.00
2016.03.14 21:11:02.351,1.90325,1.90446,2.25,1.00
2016.03.14 21:11:03.895,1.90326,1.90446,2.25,1.00
2016.03.14 21:11:03.995,1.9032,1.90447,2.25,1.00
2016.03.14 21:11:04.096,1.90327,1.90447,2.25,1.00
2016.03.14 21:11:04.377,1.90321,1.90446,2.25,1.00
2016.03.14 21:11:04.671,1.90325,1.90447,2.25,1.00
2016.03.14 21:11:04.974,1.90319,1.90446,2.25,1.00
2016.03.14 21:11:05.205,1.90326,1.90446,2.25,1.00
2016.03.14 21:11:05.380,1.90299,1.90447,1.10,1.00
2016.03.14 21:11:05.480,1.90317,1.90447,2.25,1.00
2016.03.14 21:11:05.830,1.90322,1.90447,2.25,1.00
2016.03.14 21:11:06.081,1.90317,1.90447,2.25,1.00
2016.03.14 21:11:06.281,1.90322,1.90447,2.25,1.00
2016.03.14 21:11:07.176,1.90324,1.90446,2.25,1.00
2016.03.14 21:11:08.120,1.9032,1.90446,2.25,1.00
2016.03.14 21:11:08.284,1.90328,1.90446,2.25,1.00
2016.03.14 21:11:08.479,1.9032,1.90447,2.25,1.00
2016.03.14 21:11:08.825,1.90328,1.90446,2.25,1.00
2016.03.14 21:11:10.228,1.9033,1.90446,2.25,1.00
2016.03.14 21:11:10.330,1.90324,1.90447,2.25,1.00
2016.03.14 21:11:10.485,1.90329,1.90447,2.25,1.00
2016.03.14 21:11:11.034,1.90324,1.90447,2.25,1.00
2016.03.14 21:11:11.386,1.90327,1.90447,2.25,1.00
2016.03.14 21:11:11.836,1.90323,1.90447,2.25,1.00
2016.03.14 21:11:12.113,1.90329,1.90447,2.25,1.00
2016.03.14 21:11:13.189,1.90331,1.90446,2.25,1.00
2016.03.14 21:11:14.082,1.90324,1.90447,2.25,1.00
2016.03.14 21:11:14.340,1.9033,1.90446,2.25,1.00
2016.03.14 21:11:16.193,1.90331,1.90446,2.25,1.00
2016.03.14 21:11:16.294,1.90324,1.90447,2.25,1.00
2016.03.14 21:11:16.493,1.90331,1.90446,2.25,1.00
2016.03.14 21:11:18.300,1.90324,1.90447,2.25,1.00
2016.03.14 21:11:18.601,1.90329,1.90447,2.25,1.00
2016.03.14 21:11:20.199,1.90331,1.90447,2.25,1.00
2016.03.14 21:11:20.700,1.90329,1.90437,2.25,1.00
2016.03.14 21:11:23.612,1.90328,1.90437,2.25,1.00
2016.03.14 21:11:23.910,1.90324,1.90436,2.25,1.00
2016.03.14 21:11:24.238,1.90331,1.90436,2.25,1.00
2016.03.14 21:11:24.811,1.90332,1.90436,2.25,1.00
2016.03.14 21:11:26.241,1.90333,1.90436,2.25,1.00
2016.03.14 21:11:28.347,1.90322,1.90437,2.25,1.00
2016.03.14 21:11:28.413,1.90327,1.90436,2.25,1.00
2016.03.14 21:11:29.417,1.90332,1.90436,2.25,1.00
2016.03.14 21:11:31.117,1.90333,1.90437,2.25,1.00
2016.03.14 21:11:31.331,1.90334,1.90456,2.25,1.57
2016.03.14 21:11:31.532,1.90336,1.90456,2.25,1.00
2016.03.14 21:11:33.337,1.9033,1.90457,2.25,1.00
2016.03.14 21:11:34.241,1.90329,1.90457,2.25,1.00
2016.03.14 21:11:34.542,1.90335,1.90456,2.25,1.00
2016.03.14 21:11:35.627,1.90336,1.90456,2.25,1.00
2016.03.14 21:11:38.375,1.90329,1.90457,2.25,1.00
2016.03.14 21:11:38.527,1.90327,1.90456,2.25,1.00
2016.03.14 21:11:38.760,1.90329,1.90456,2.25,1.00
2016.03.14 21:11:39.083,1.90334,1.90456,2.25,1.00
2016.03.14 21:11:40.229,1.90334,1.90457,2.25,1.00
2016.03.14 21:11:41.071,1.9033,1.90457,2.25,1.00
2016.03.14 21:11:41.131,1.90334,1.90457,2.25,1.00
2016.03.14 21:11:43.166,1.90336,1.90456,2.25,1.00
2016.03.14 21:11:45.544,1.90325,1.90457,2.25,1.00
2016.03.14 21:11:46.437,1.9033,1.90456,2.25,1.00
2016.03.14 21:11:46.537,1.90324,1.90457,2.25,1.00
2016.03.14 21:11:46.637,1.9033,1.90457,2.25,1.00
2016.03.14 21:11:46.983,1.90334,1.90457,2.25,1.00
2016.03.14 21:11:48.164,1.90337,1.90456,2.25,1.00
2016.03.14 21:11:50.471,1.90329,1.90457,2.25,1.00
2016.03.14 21:11:51.545,1.90334,1.9046,2.25,1.00
2016.03.14 21:11:51.654,1.90334,1.90465,2.25,1.10
2016.03.14 21:11:51.754,1.90339,1.90474,2.25,1.10
2016.03.14 21:11:51.805,1.90339,1.90478,2.25,2.25
2016.03.14 21:11:51.855,1.90348,1.90479,2.25,1.10
2016.03.14 21:11:51.906,1.90348,1.90483,2.25,1.10
2016.03.14 21:11:52.046,1.90352,1.90483,2.25,1.10
2016.03.14 21:11:53.170,1.90352,1.90488,2.25,1.57
2016.03.14 21:11:57.754,1.90346,1.90488,2.25,1.57
2016.03.14 21:11:58.755,1.90347,1.90466,2.25,1.00
2016.03.14 21:11:59.156,1.90344,1.90467,2.25,1.00
2016.03.14 21:11:59.958,1.90343,1.90467,2.25,1.00
2016.03.14 21:12:00.058,1.9034,1.90467,2.25,1.00
2016.03.14 21:12:00.264,1.90334,1.90466,2.25,1.00
2016.03.14 21:12:00.461,1.90328,1.90467,2.25,1.00
2016.03.14 21:12:02.163,1.90325,1.90466,2.25,1.00
2016.03.14 21:12:02.475,1.90316,1.90465,2.25,2.25
2016.03.14 21:12:07.271,1.90316,1.90467,2.25,3.82
2016.03.14 21:12:07.870,1.90312,1.90464,2.25,3.00
2016.03.14 21:12:07.921,1.90312,1.90461,2.25,1.10
2016.03.14 21:12:08.225,1.90304,1.90434,2.25,1.00
2016.03.14 21:12:10.175,1.903,1.90435,2.25,1.00
2016.03.14 21:12:11.995,1.90301,1.90435,2.25,1.00
2016.03.14 21:12:12.283,1.90308,1.90434,2.25,1.00
2016.03.14 21:12:13.281,1.90303,1.90435,2.25,1.00
2016.03.14 21:12:14.108,1.90311,1.90435,2.25,1.00
2016.03.14 21:12:14.442,1.90315,1.90434,1.10,1.00
2016.03.14 21:12:14.767,1.90317,1.90434,1.10,1.00
2016.03.14 21:12:19.172,1.90316,1.90434,2.25,1.00
2016.03.14 21:12:20.191,1.90318,1.90434,2.25,1.00
2016.03.14 21:12:20.738,1.90334,1.90434,1.00,1.00
2016.03.14 21:12:21.994,1.90318,1.90434,2.25,1.00
2016.03.14 21:12:23.226,1.90326,1.90434,2.25,1.00
2016.03.14 21:12:23.726,1.90319,1.90434,1.10,1.00
2016.03.14 21:12:23.876,1.90321,1.90434,1.10,1.00
2016.03.14 21:12:24.368,1.90327,1.90435,2.25,1.00
2016.03.14 21:12:24.727,1.90336,1.90434,2.25,1.00
2016.03.14 21:12:24.798,1.90324,1.90434,1.10,1.00
2016.03.14 21:12:24.898,1.90321,1.90434,1.10,1.00
2016.03.14 21:12:24.998,1.90325,1.90434,2.25,1.00
2016.03.14 21:12:25.099,1.90318,1.90434,3.07,1.00
2016.03.14 21:12:25.278,1.90321,1.90434,1.10,1.00
2016.03.14 21:12:25.839,1.90327,1.90434,2.25,1.00
2016.03.14 21:12:26.613,1.90335,1.90434,2.25,1.00
2016.03.14 21:12:27.102,1.90326,1.90434,2.25,1.00
2016.03.14 21:12:27.202,1.90335,1.90434,2.25,1.00
2016.03.14 21:12:27.502,1.90326,1.90434,2.25,1.00
2016.03.14 21:12:27.719,1.90337,1.90434,2.25,1.00
2016.03.14 21:12:27.903,1.90325,1.90435,1.10,1.00
2016.03.14 21:12:28.104,1.90333,1.90434,2.25,1.00
2016.03.14 21:12:28.338,1.90323,1.90434,2.25,1.00
2016.03.14 21:12:28.512,1.9033,1.90435,2.25,1.00
2016.03.14 21:12:29.105,1.90326,1.90434,1.10,1.00
2016.03.14 21:12:29.332,1.90334,1.90435,2.25,1.00
2016.03.14 21:12:29.741,1.90326,1.90434,1.10,1.00
2016.03.14 21:12:30.207,1.90335,1.90434,2.25,1.00
2016.03.14 21:12:30.333,1.90326,1.90435,1.10,1.00
2016.03.14 21:12:30.408,1.90335,1.90434,2.25,1.00
2016.03.14 21:12:30.533,1.90325,1.90434,1.10,1.00
2016.03.14 21:12:30.808,1.90332,1.90435,2.25,1.00
2016.03.14 21:12:32.210,1.90332,1.90434,2.25,1.00
2016.03.14 21:12:32.515,1.90325,1.90434,1.10,1.00
2016.03.14 21:12:32.711,1.90332,1.90435,2.25,1.00
2016.03.14 21:12:33.513,1.90325,1.90434,1.10,1.00
2016.03.14 21:12:33.713,1.90332,1.90435,2.25,1.00
2016.03.14 21:12:35.215,1.90335,1.90434,2.25,1.00
2016.03.14 21:12:35.363,1.90326,1.90434,2.25,1.00
2016.03.14 21:12:35.516,1.90334,1.90435,2.25,1.00
2016.03.14 21:12:35.716,1.90326,1.90434,2.25,1.00
2016.03.14 21:12:35.916,1.90335,1.90435,2.25,1.00
2016.03.14 21:12:36.117,1.90326,1.90434,3.07,1.00
2016.03.14 21:12:36.456,1.90334,1.90435,2.25,1.00
2016.03.14 21:12:36.770,1.90347,1.90435,2.25,1.00
2016.03.14 21:12:36.961,1.9034,1.90434,2.25,0.75
2016.03.14 21:12:37.119,1.90348,1.90434,2.25,0.75
2016.03.14 21:12:37.520,1.9034,1.90434,2.25,0.75
2016.03.14 21:12:37.720,1.90338,1.90434,2.25,1.00
2016.03.14 21:12:39.451,1.90333,1.90435,2.25,1.00
2016.03.14 21:12:39.723,1.90344,1.90434,2.25,1.00
2016.03.14 21:12:40.073,1.9035,1.90435,2.25,0.75
2016.03.14 21:12:40.124,1.9034,1.90435,2.25,0.75
2016.03.14 21:12:40.264,1.90354,1.90435,2.25,0.75
2016.03.14 21:12:40.474,1.9034,1.90435,2.25,0.75
2016.03.14 21:12:40.725,1.90334,1.90435,2.25,1.00
2016.03.14 21:12:42.175,1.90331,1.90435,2.25,1.00
2016.03.14 21:12:42.276,1.90339,1.90435,2.25,1.00
2016.03.14 21:12:42.576,1.90336,1.90434,2.25,1.00
2016.03.14 21:12:42.635,1.90348,1.90434,2.25,1.00
2016.03.14 21:12:42.877,1.90339,1.90435,2.25,1.00
2016.03.14 21:12:42.977,1.90352,1.90435,2.25,0.75
2016.03.14 21:12:44.831,1.9034,1.90435,2.25,0.75
2016.03.14 21:12:45.079,1.90346,1.90435,2.25,1.00
2016.03.14 21:12:46.633,1.90337,1.90435,2.25,1.00
2016.03.14 21:12:46.934,1.90345,1.90435,2.25,1.00
2016.03.14 21:12:47.139,1.90337,1.90435,2.25,1.00
2016.03.14 21:12:47.240,1.9035,1.90435,2.25,1.00
2016.03.14 21:12:49.158,1.90352,1.90434,2.25,0.75
2016.03.14 21:12:49.283,1.90345,1.90435,2.25,1.00
2016.03.14 21:12:51.743,1.9034,1.90434,2.25,0.75
2016.03.14 21:12:52.044,1.90349,1.90434,2.25,0.75
2016.03.14 21:12:52.344,1.90339,1.90435,2.25,0.75
2016.03.14 21:12:52.480,1.90341,1.90434,2.25,0.75
2016.03.14 21:12:53.035,1.9035,1.90435,2.25,0.75
2016.03.14 21:12:54.248,1.9034,1.90435,2.25,0.75
2016.03.14 21:12:54.548,1.90349,1.90434,2.25,0.75
2016.03.14 21:12:54.848,1.90349,1.90444,2.25,1.00
2016.03.14 21:12:55.097,1.90343,1.90458,2.25,1.00
2016.03.14 21:12:55.147,1.90348,1.90458,1.10,1.00
2016.03.14 21:12:55.563,1.90367,1.90459,2.25,0.75
2016.03.14 21:12:55.882,1.90357,1.90459,1.10,1.00
2016.03.14 21:12:55.983,1.90364,1.90459,2.25,1.00
2016.03.14 21:12:57.153,1.90367,1.90458,2.25,0.75
2016.03.14 21:12:57.253,1.90359,1.90458,2.25,0.75
2016.03.14 21:12:57.458,1.90366,1.90459,2.25,0.75
2016.03.14 21:12:59.457,1.90367,1.90459,2.25,0.75
2016.03.14 21:12:59.558,1.90358,1.90459,2.25,0.75
2016.03.14 21:12:59.657,1.90367,1.90459,2.25,0.75
2016.03.14 21:13:00.258,1.90364,1.90459,1.10,0.75
2016.03.14 21:13:00.459,1.90366,1.90459,2.25,0.75
2016.03.14 21:13:00.974,1.90366,1.90458,2.25,0.75
2016.03.14 21:13:02.563,1.90362,1.90458,1.10,0.75
2016.03.14 21:13:02.763,1.90367,1.90458,2.25,0.75
2016.03.14 21:13:04.881,1.90368,1.90458,2.25,0.75
2016.03.14 21:13:04.982,1.90359,1.90459,1.10,0.75
2016.03.14 21:13:05.088,1.90367,1.90459,2.25,0.75
2016.03.14 21:13:05.484,1.90369,1.90459,2.25,0.75
2016.03.14 21:13:05.585,1.9036,1.90458,1.10,0.75
2016.03.14 21:13:05.708,1.90358,1.90458,1.10,0.75
2016.03.14 21:13:05.774,1.90363,1.90459,2.25,1.00
2016.03.14 21:13:08.000,1.90354,1.90458,1.10,0.75
2016.03.14 21:13:08.072,1.90354,1.90473,1.10,1.00
2016.03.14 21:13:08.173,1.90364,1.90473,2.25,1.00
2016.03.14 21:13:08.482,1.90346,1.90455,2.25,1.00
2016.03.14 21:13:08.874,1.9035,1.90455,1.00,1.00
2016.03.14 21:13:09.620,1.90351,1.90455,2.25,1.00
2016.03.14 21:13:10.195,1.90344,1.90455,2.25,1.00
2016.03.14 21:13:10.276,1.90339,1.90455,1.00,1.00
2016.03.14 21:13:10.377,1.90342,1.90456,2.25,1.00
2016.03.14 21:13:11.197,1.90349,1.90456,1.00,1.00
2016.03.14 21:13:12.199,1.90342,1.90456,2.25,1.00
2016.03.14 21:13:12.479,1.90338,1.90456,1.00,1.00
2016.03.14 21:13:12.679,1.90346,1.90455,2.25,1.00
2016.03.14 21:13:12.780,1.90338,1.90456,1.57,1.00
2016.03.14 21:13:12.880,1.90346,1.90455,2.25,1.00
2016.03.14 21:13:14.882,1.90345,1.90455,2.25,1.00
2016.03.14 21:13:20.231,1.90345,1.90456,2.25,1.00
2016.03.14 21:13:20.814,1.90343,1.90455,1.10,1.00
2016.03.14 21:13:20.915,1.90345,1.90456,2.25,1.00
2016.03.14 21:13:21.016,1.9034,1.90456,1.10,1.00
2016.03.14 21:13:21.118,1.90345,1.90456,2.25,1.00
2016.03.14 21:13:21.222,1.9034,1.90456,1.10,1.00
2016.03.14 21:13:21.292,1.90345,1.90456,2.25,1.00
2016.03.14 21:13:21.520,1.90343,1.90455,1.10,1.00
2016.03.14 21:13:21.620,1.9034,1.90455,1.10,1.00
2016.03.14 21:13:21.721,1.90346,1.90455,2.25,1.00
2016.03.14 21:13:23.695,1.90343,1.90455,1.10,1.00
2016.03.14 21:13:23.795,1.90346,1.90455,2.25,1.00
2016.03.14 21:13:24.333,1.90343,1.90455,1.10,1.00
2016.03.14 21:13:24.434,1.90345,1.90456,2.25,1.00
2016.03.14 21:13:26.240,1.90342,1.90455,1.10,1.00
2016.03.14 21:13:26.299,1.90346,1.90455,2.25,1.00
2016.03.14 21:13:27.114,1.90345,1.90456,3.07,1.00
2016.03.14 21:13:28.814,1.90345,1.90455,1.10,1.00
2016.03.14 21:13:29.900,1.90343,1.90455,1.10,1.00
2016.03.14 21:13:30.050,1.90346,1.90455,2.25,1.00
2016.03.14 21:13:30.505,1.90341,1.90456,1.10,1.00
2016.03.14 21:13:30.601,1.90344,1.90456,1.10,1.00
2016.03.14 21:13:31.144,1.90345,1.90456,2.25,1.00
2016.03.14 21:13:32.207,1.90347,1.90456,2.25,1.00
2016.03.14 21:13:32.808,1.9034,1.90456,1.10,1.00
2016.03.14 21:13:32.859,1.9036,1.90456,1.00,1.00
2016.03.14 21:13:33.169,1.90364,1.90455,1.00,1.00
2016.03.14 21:13:33.968,1.90361,1.90455,1.00,1.00
2016.03.14 21:13:36.159,1.90362,1.90455,1.00,1.00
2016.03.14 21:13:37.160,1.90357,1.90455,1.00,1.00
2016.03.14 21:13:37.361,1.9036,1.90455,1.00,1.00
2016.03.14 21:13:39.329,1.90361,1.90455,1.00,1.00
2016.03.14 21:13:39.430,1.90357,1.90455,1.00,1.00
2016.03.14 21:13:39.630,1.9036,1.90456,1.00,1.00
2016.03.14 21:13:40.262,1.90366,1.90455,1.00,1.00
2016.03.14 21:13:40.564,1.90354,1.90456,1.00,1.00
2016.03.14 21:13:40.665,1.90364,1.90455,1.00,1.00
2016.03.14 21:13:40.766,1.90356,1.90455,1.00,1.00
2016.03.14 21:13:40.935,1.90362,1.90456,1.00,1.00
2016.03.14 21:13:41.366,1.90358,1.90455,1.00,1.00
2016.03.14 21:13:41.467,1.90361,1.90455,1.00,1.00
2016.03.14 21:13:41.834,1.90358,1.90456,1.00,1.00
2016.03.14 21:13:41.940,1.90362,1.90456,1.00,1.00
2016.03.14 21:13:42.141,1.90357,1.90456,1.00,1.00
2016.03.14 21:13:42.343,1.90355,1.90456,1.00,1.00
2016.03.14 21:13:42.443,1.9036,1.90456,1.00,1.00
2016.03.14 21:13:44.148,1.90359,1.90456,1.00,1.00
2016.03.14 21:13:44.450,1.90365,1.90456,1.00,1.00
2016.03.14 21:13:44.551,1.90358,1.90456,1.00,1.00
2016.03.14 21:13:44.867,1.90365,1.90455,1.00,1.00
2016.03.14 21:13:45.168,1.90368,1.90455,1.00,1.00
2016.03.14 21:13:45.793,1.90369,1.90455,1.00,1.00
2016.03.14 21:13:45.858,1.90366,1.90455,1.00,1.00
2016.03.14 21:13:45.959,1.90364,1.90455,1.00,1.00
2016.03.14 21:13:46.510,1.90365,1.90455,1.00,1.00
2016.03.14 21:13:46.648,1.9036,1.90455,1.00,1.00
2016.03.14 21:13:46.750,1.90363,1.90455,1.00,1.00
2016.03.14 21:13:47.063,1.9037,1.90456,1.00,1.00
2016.03.14 21:13:47.464,1.90367,1.90455,1.00,1.00
2016.03.14 21:13:47.966,1.90366,1.90455,1.00,1.00
2016.03.14 21:13:48.577,1.90367,1.90455,1.00,1.00
2016.03.14 21:13:49.737,1.90367,1.90456,1.00,1.00
2016.03.14 21:13:50.772,1.90376,1.90456,1.00,1.00
2016.03.14 21:13:50.873,1.90376,1.90467,1.00,1.00
2016.03.14 21:13:50.974,1.90388,1.90466,1.00,1.00
2016.03.14 21:13:51.075,1.9039,1.90478,1.00,1.00
2016.03.14 21:13:51.175,1.90387,1.90478,1.00,1.00
2016.03.14 21:13:51.740,1.90388,1.90479,1.00,1.00
2016.03.14 21:13:51.891,1.90392,1.90479,1.00,1.00
2016.03.14 21:13:51.992,1.90386,1.90478,1.00,1.00
2016.03.14 21:13:52.093,1.90388,1.90478,1.00,1.00
2016.03.14 21:13:52.480,1.90386,1.90478,1.00,1.00
2016.03.14 21:13:52.692,1.9039,1.90478,1.00,1.00
2016.03.14 21:13:52.894,1.90381,1.90478,1.00,1.00
2016.03.14 21:13:53.095,1.90388,1.90478,1.00,1.00
2016.03.14 21:13:53.196,1.9037,1.90479,1.00,1.00
2016.03.14 21:13:53.307,1.90382,1.90479,1.00,1.00
2016.03.14 21:13:53.862,1.90383,1.90478,1.00,1.00
2016.03.14 21:13:55.293,1.90392,1.90479,1.00,1.00
2016.03.14 21:13:55.504,1.90387,1.90479,1.00,1.00
2016.03.14 21:13:55.605,1.90384,1.90479,1.00,1.00
2016.03.14 21:13:55.706,1.90388,1.90479,1.00,1.00
2016.03.14 21:13:55.907,1.90383,1.90478,1.00,1.00
2016.03.14 21:13:56.008,1.90388,1.90479,1.00,1.00
2016.03.14 21:13:56.108,1.90385,1.90478,1.00,1.00
2016.03.14 21:13:56.209,1.90371,1.90478,1.00,1.00
2016.03.14 21:13:56.832,1.90372,1.90478,2.25,1.00
2016.03.14 21:13:58.179,1.90386,1.90478,1.00,1.00
2016.03.14 21:13:58.529,1.90388,1.90479,1.00,1.00
2016.03.14 21:13:59.214,1.90389,1.90479,1.00,1.00
2016.03.14 21:13:59.560,1.90397,1.90479,1.00,1.00
2016.03.14 21:13:59.611,1.90392,1.90479,1.00,1.00
2016.03.14 21:13:59.859,1.90371,1.90478,1.00,1.00
2016.03.14 21:13:59.910,1.90365,1.90478,1.50,1.00
2016.03.14 21:14:00.181,1.90363,1.90479,1.00,1.00
2016.03.14 21:14:00.515,1.904,1.90478,1.00,1.00
2016.03.14 21:14:00.846,1.90403,1.90479,1.00,1.00
2016.03.14 21:14:01.118,1.90385,1.90467,1.00,1.00
2016.03.14 21:14:01.620,1.90386,1.90466,1.00,1.00
2016.03.14 21:14:02.122,1.90385,1.90466,1.00,1.00
2016.03.14 21:14:02.239,1.90382,1.90466,1.00,1.00
2016.03.14 21:14:03.785,1.90383,1.90466,1.00,1.00
2016.03.14 21:14:04.277,1.90378,1.90467,1.00,1.00
2016.03.14 21:14:04.378,1.90374,1.90467,1.00,1.00
2016.03.14 21:14:04.579,1.90378,1.90467,1.00,1.00
2016.03.14 21:14:04.680,1.90376,1.90466,1.00,1.00
2016.03.14 21:14:05.191,1.90379,1.90466,1.00,1.00
2016.03.14 21:14:05.573,1.90386,1.90466,1.00,1.00
2016.03.14 21:14:05.980,1.9039,1.90467,1.00,1.00
2016.03.14 21:14:06.081,1.90388,1.90467,1.00,1.00
2016.03.14 21:14:06.182,1.90378,1.90466,1.00,1.00
2016.03.14 21:14:06.484,1.90375,1.90467,1.00,1.00
2016.03.14 21:14:06.786,1.90381,1.90467,1.00,1.00
2016.03.14 21:14:06.886,1.9035,1.90466,1.57,1.00
2016.03.14 21:14:06.987,1.90357,1.90467,2.25,1.00
2016.03.14 21:14:07.188,1.90346,1.90466,3.07,1.00
2016.03.14 21:14:07.390,1.90356,1.90467,2.25,1.00
2016.03.14 21:14:07.833,1.90372,1.90466,1.00,1.00
2016.03.14 21:14:07.934,1.90366,1.90467,1.00,1.00
2016.03.14 21:14:08.090,1.90363,1.90466,1.00,1.00
2016.03.14 21:14:08.194,1.90359,1.90466,1.00,1.00
2016.03.14 21:14:08.723,1.90359,1.90467,1.00,1.00
2016.03.14 21:14:09.326,1.90358,1.90467,1.00,1.00
2016.03.14 21:14:10.424,1.9036,1.90466,1.00,1.00
2016.03.14 21:14:10.733,1.90359,1.90459,1.00,1.00
2016.03.14 21:14:11.035,1.90353,1.90451,1.00,1.00
2016.03.14 21:14:11.693,1.90352,1.90451,1.00,1.00
2016.03.14 21:14:12.467,1.90353,1.90451,1.00,1.00
2016.03.14 21:14:12.517,1.90351,1.90451,1.00,1.00
2016.03.14 21:14:12.741,1.90355,1.90451,1.00,1.00
2016.03.14 21:14:13.038,1.90352,1.90451,1.00,1.00
2016.03.14 21:14:13.093,1.90349,1.90451,1.00,1.00
2016.03.14 21:14:13.293,1.90359,1.90451,1.00,1.00
2016.03.14 21:14:13.594,1.90325,1.90452,1.57,1.00
2016.03.14 21:14:13.695,1.9033,1.90451,2.25,1.00
2016.03.14 21:14:14.596,1.9033,1.90449,2.25,1.00
2016.03.14 21:14:14.947,1.90347,1.90449,1.00,1.00
2016.03.14 21:14:15.598,1.90341,1.90449,1.00,1.00
2016.03.14 21:14:15.698,1.90348,1.90449,1.00,1.00
2016.03.14 21:14:15.826,1.90343,1.90449,1.00,1.00
2016.03.14 21:14:15.927,1.90348,1.90449,1.00,1.00
2016.03.14 21:14:16.128,1.90323,1.90449,1.00,1.00
2016.03.14 21:14:16.229,1.90327,1.90449,2.25,1.00
2016.03.14 21:14:16.976,1.90326,1.90449,2.25,1.00
2016.03.14 21:14:17.302,1.90344,1.90449,1.00,1.00
2016.03.14 21:14:17.612,1.90346,1.90449,1.00,1.00
2016.03.14 21:14:17.938,1.90347,1.90439,1.00,1.00
2016.03.14 21:14:18.447,1.9035,1.90438,1.00,1.00
2016.03.14 21:14:18.750,1.90354,1.90438,1.00,1.00
2016.03.14 21:14:18.804,1.90349,1.90438,1.00,1.00
2016.03.14 21:14:19.506,1.9035,1.90438,1.00,1.00
2016.03.14 21:14:20.207,1.90346,1.90438,1.00,1.00
2016.03.14 21:14:20.308,1.90349,1.90438,1.00,1.00
2016.03.14 21:14:20.509,1.90346,1.90438,1.00,1.00
2016.03.14 21:14:21.040,1.90344,1.90438,1.00,1.00
2016.03.14 21:14:21.651,1.90345,1.90438,1.00,1.00
2016.03.14 21:14:22.204,1.90344,1.90439,1.00,1.50
2016.03.14 21:14:22.355,1.90338,1.90439,1.00,1.50
2016.03.14 21:14:22.456,1.90343,1.90438,1.00,1.00
2016.03.14 21:14:23.113,1.90344,1.90438,1.00,1.00
2016.03.14 21:14:23.580,1.90349,1.90438,1.00,1.00
2016.03.14 21:14:23.916,1.90354,1.90438,1.00,1.00
2016.03.14 21:14:24.266,1.90351,1.90438,1.00,1.00
2016.03.14 21:14:24.519,1.90353,1.90438,1.00,1.00
2016.03.14 21:14:24.620,1.90344,1.90438,1.00,1.00
2016.03.14 21:14:25.130,1.90345,1.90438,1.00,1.00
2016.03.14 21:14:25.209,1.90345,1.90449,1.00,1.00
2016.03.14 21:14:25.360,1.90345,1.90454,1.00,3.00
2016.03.14 21:14:25.892,1.90344,1.90454,1.00,3.00
2016.03.14 21:14:26.124,1.90341,1.90454,1.00,3.00
2016.03.14 21:14:26.271,1.90339,1.90454,1.00,3.00
2016.03.14 21:14:26.561,1.90345,1.90453,1.00,2.25
2016.03.14 21:14:26.662,1.90334,1.90444,1.00,2.25
2016.03.14 21:14:26.763,1.90339,1.90451,1.00,2.25
2016.03.14 21:14:26.827,1.90341,1.90451,1.00,2.25
2016.03.14 21:14:27.033,1.90311,1.90445,1.10,2.25
2016.03.14 21:14:27.113,1.90317,1.90454,2.25,2.25
2016.03.14 21:14:27.163,1.90344,1.90454,1.00,2.25
2016.03.14 21:14:27.359,1.90322,1.90453,1.00,2.25
2016.03.14 21:14:27.413,1.90317,1.90454,2.25,2.25
2016.03.14 21:14:27.530,1.90348,1.90454,1.00,2.25
2016.03.14 21:14:27.932,1.90336,1.90425,1.00,1.00
2016.03.14 21:14:28.234,1.90334,1.90425,1.00,1.50
2016.03.14 21:14:28.335,1.90313,1.90425,1.10,1.50
2016.03.14 21:14:28.386,1.90315,1.90425,1.10,1.50
2016.03.14 21:14:28.736,1.90329,1.90425,1.00,1.50
2016.03.14 21:14:29.038,1.90332,1.90425,1.00,1.00
2016.03.14 21:14:29.211,1.90316,1.90425,1.10,1.50
2016.03.14 21:14:29.262,1.90337,1.90425,1.00,1.50
2016.03.14 21:14:29.468,1.90334,1.90425,1.00,1.00
2016.03.14 21:14:29.569,1.90331,1.90425,1.00,1.50
2016.03.14 21:14:29.670,1.90313,1.90425,1.10,1.50
2016.03.14 21:14:29.890,1.90327,1.90425,1.00,1.50
2016.03.14 21:14:30.193,1.90336,1.90425,1.00,1.00
2016.03.14 21:14:30.243,1.90312,1.90425,1.00,1.50
2016.03.14 21:14:30.798,1.90311,1.90425,1.10,1.00
2016.03.14 21:14:31.577,1.90309,1.90425,1.10,1.00
2016.03.14 21:14:32.118,1.90309,1.90428,1.10,1.00
2016.03.14 21:14:32.168,1.90327,1.90428,1.00,1.00
2016.03.14 21:14:32.562,1.90333,1.90428,1.00,1.00
2016.03.14 21:14:32.664,1.90323,1.9043,1.00,1.00
2016.03.14 21:14:32.765,1.90329,1.9043,1.00,1.00
2016.03.14 21:14:32.866,1.90309,1.9043,1.10,1.00
2016.03.14 21:14:32.967,1.90337,1.9043,1.00,1.00
2016.03.14 21:14:33.068,1.90312,1.9043,1.10,1.00
2016.03.14 21:14:33.175,1.90339,1.9043,1.00,1.00
2016.03.14 21:14:33.276,1.90335,1.9043,1.00,1.00
2016.03.14 21:14:33.377,1.90339,1.9043,1.00,1.00
2016.03.14 21:14:33.478,1.90312,1.9043,1.10,1.00
2016.03.14 21:14:33.679,1.90339,1.9043,1.00,1.00
2016.03.14 21:14:34.027,1.90342,1.9043,1.00,1.00
2016.03.14 21:14:34.805,1.90341,1.9043,1.00,1.00
2016.03.14 21:14:35.207,1.90337,1.9043,1.00,1.00
2016.03.14 21:14:35.363,1.90332,1.9043,1.00,1.00
2016.03.14 21:14:35.464,1.90337,1.9043,1.00,1.00
2016.03.14 21:14:36.223,1.90341,1.9043,1.00,1.00
2016.03.14 21:14:36.273,1.90335,1.9043,1.00,1.00
2016.03.14 21:14:36.475,1.90338,1.9043,1.00,1.00
2016.03.14 21:14:36.818,1.9034,1.9043,1.00,1.00
2016.03.14 21:14:36.868,1.90331,1.9043,1.00,1.00
2016.03.14 21:14:37.168,1.90341,1.9043,1.00,1.00
2016.03.14 21:14:37.269,1.90315,1.9043,1.10,1.00
2016.03.14 21:14:37.320,1.90315,1.90434,1.10,1.00
2016.03.14 21:14:37.374,1.90346,1.90429,1.00,2.25
2016.03.14 21:14:37.475,1.9032,1.90438,2.25,1.00
2016.03.14 21:14:37.576,1.90357,1.90451,1.00,2.25
2016.03.14 21:14:37.677,1.90327,1.90458,2.25,2.25
2016.03.14 21:14:37.777,1.90361,1.90452,1.00,2.25
2016.03.14 21:14:37.878,1.90366,1.90461,1.00,1.00
2016.03.14 21:14:38.671,1.90365,1.90461,1.00,1.00
2016.03.14 21:14:39.196,1.9037,1.90461,1.00,1.00
2016.03.14 21:14:39.297,1.90364,1.90461,1.00,1.00
2016.03.14 21:14:39.379,1.90362,1.90461,1.00,1.00
2016.03.14 21:14:39.480,1.90366,1.90461,1.00,1.00
2016.03.14 21:14:41.181,1.90362,1.90462,1.00,1.00
2016.03.14 21:14:41.683,1.90363,1.90459,1.00,1.00
2016.03.14 21:14:42.067,1.90356,1.90448,1.00,1.00
2016.03.14 21:14:42.800,1.90357,1.90448,1.00,1.00
2016.03.14 21:14:43.287,1.90354,1.90449,1.00,1.00
2016.03.14 21:14:43.991,1.90326,1.90449,2.25,1.00
2016.03.14 21:14:44.193,1.9033,1.90449,1.00,1.00
2016.03.14 21:14:44.244,1.90328,1.90449,1.00,1.00
2016.03.14 21:14:44.294,1.90357,1.90449,1.00,1.00
2016.03.14 21:14:44.596,1.9036,1.90448,1.00,1.00
2016.03.14 21:14:44.697,1.90331,1.90444,1.00,1.00
2016.03.14 21:14:44.798,1.90355,1.90444,1.00,1.00
2016.03.14 21:14:44.899,1.90327,1.90444,2.25,1.00
2016.03.14 21:14:45.025,1.90352,1.90444,1.00,1.00
2016.03.14 21:14:45.647,1.90352,1.90443,1.00,2.25
2016.03.14 21:14:45.798,1.90347,1.90443,1.00,2.25
2016.03.14 21:14:46.302,1.90353,1.90444,1.00,1.00
2016.03.14 21:14:46.830,1.90354,1.90444,1.00,1.00
2016.03.14 21:14:47.031,1.90346,1.90442,1.00,2.25
2016.03.14 21:14:47.082,1.90346,1.90444,1.00,1.00
2016.03.14 21:14:47.132,1.90351,1.90444,1.00,1.00
2016.03.14 21:14:47.233,1.90322,1.90444,2.25,1.00
2016.03.14 21:14:47.413,1.90346,1.90444,1.00,1.00
2016.03.14 21:14:47.514,1.90319,1.90443,1.10,2.25
2016.03.14 21:14:47.564,1.90322,1.90444,2.25,1.00
2016.03.14 21:14:47.875,1.90325,1.90444,1.00,1.00
2016.03.14 21:14:48.215,1.9035,1.90444,1.00,3.00
2016.03.14 21:14:48.417,1.90322,1.90434,2.25,1.00
2016.03.14 21:14:48.518,1.90349,1.90434,1.00,1.00
2016.03.14 21:14:48.705,1.90342,1.90434,1.00,1.00
2016.03.14 21:14:48.919,1.90347,1.90434,1.00,1.00
2016.03.14 21:14:49.020,1.90344,1.90434,1.00,1.00
2016.03.14 21:14:49.222,1.9035,1.90434,1.00,1.00
2016.03.14 21:14:49.322,1.90344,1.90434,1.00,1.00
2016.03.14 21:14:49.608,1.9035,1.90434,1.00,1.00
2016.03.14 21:14:49.725,1.90348,1.90434,1.00,1.00
2016.03.14 21:14:49.848,1.90351,1.90434,1.00,1.00
2016.03.14 21:14:49.913,1.90342,1.90434,1.00,1.00
2016.03.14 21:14:50.479,1.90343,1.90434,1.00,1.00
2016.03.14 21:14:51.026,1.90342,1.90434,1.00,1.00
2016.03.14 21:14:51.232,1.9034,1.90434,1.00,1.00
2016.03.14 21:14:53.190,1.90344,1.90434,1.00,1.00
2016.03.14 21:14:53.241,1.90336,1.90434,1.00,1.00
2016.03.14 21:14:53.342,1.90343,1.90434,1.00,1.00
2016.03.14 21:14:53.644,1.9035,1.90434,1.00,1.00
2016.03.14 21:14:54.043,1.90345,1.90434,1.00,1.00
2016.03.14 21:14:54.144,1.90315,1.90434,1.10,1.00
2016.03.14 21:14:54.195,1.9032,1.90434,1.00,1.00
2016.03.14 21:14:54.396,1.90318,1.90434,2.25,1.00
2016.03.14 21:14:54.447,1.90353,1.90434,1.00,1.00
2016.03.14 21:14:54.548,1.90345,1.90434,1.00,1.00
2016.03.14 21:14:54.820,1.9035,1.90434,1.00,1.00
2016.03.14 21:14:54.920,1.90346,1.90434,1.00,1.00
2016.03.14 21:14:55.647,1.90345,1.90434,1.00,1.00
2016.03.14 21:14:56.151,1.90346,1.90434,1.00,1.00
2016.03.14 21:14:57.037,1.90343,1.90434,1.00,1.00
2016.03.14 21:14:57.224,1.90345,1.90434,1.00,1.00
2016.03.14 21:14:57.347,1.90342,1.90434,1.00,1.00
2016.03.14 21:14:57.604,1.90347,1.90434,1.00,1.00
2016.03.14 21:14:57.705,1.90339,1.90434,1.00,1.00
2016.03.14 21:14:57.806,1.90337,1.90434,1.00,1.00
2016.03.14 21:14:57.907,1.90339,1.90434,1.00,1.00
2016.03.14 21:14:58.257,1.9035,1.90434,1.00,1.00
2016.03.14 21:14:58.408,1.9032,1.90434,2.25,1.00
2016.03.14 21:14:58.610,1.90323,1.90434,1.00,1.00
2016.03.14 21:14:58.947,1.90342,1.90434,1.00,1.00
2016.03.14 21:14:59.249,1.9035,1.90434,1.00,1.00
2016.03.14 21:14:59.730,1.9034,1.90434,1.00,1.00
2016.03.14 21:14:59.850,1.90345,1.90434,1.00,1.00
2016.03.14 21:14:59.987,1.90342,1.90434,1.00,1.00
2016.03.14 21:15:01.232,1.90335,1.90434,1.00,1.00
2016.03.14 21:15:01.283,1.90335,1.90432,1.00,2.25
2016.03.14 21:15:01.587,1.90344,1.90434,1.00,1.00
2016.03.14 21:15:01.638,1.90323,1.90434,1.00,1.00
2016.03.14 21:15:01.789,1.90315,1.90434,2.25,1.00
2016.03.14 21:15:02.196,1.90324,1.90434,1.00,1.00
2016.03.14 21:15:02.516,1.90347,1.90434,1.00,1.00
2016.03.14 21:15:02.907,1.90349,1.90434,1.00,1.00
2016.03.14 21:15:03.058,1.90347,1.90434,1.00,1.00
2016.03.14 21:15:03.198,1.90344,1.90434,1.00,1.00
2016.03.14 21:15:03.249,1.90356,1.90434,1.00,1.00
2016.03.14 21:15:03.350,1.90322,1.90434,1.00,1.00
2016.03.14 21:15:03.450,1.9035,1.90434,1.00,1.00
2016.03.14 21:15:03.653,1.90326,1.90434,2.25,1.00
2016.03.14 21:15:03.904,1.90333,1.90434,1.00,1.00
2016.03.14 21:15:04.220,1.90358,1.90434,1.00,1.00
2016.03.14 21:15:04.371,1.9034,1.90434,1.00,1.00
2016.03.14 21:15:04.422,1.90346,1.90434,1.00,1.00
2016.03.14 21:15:04.503,1.90341,1.90434,1.00,1.00
2016.03.14 21:15:04.554,1.90362,1.90434,1.00,1.00
2016.03.14 21:15:05.204,1.90363,1.90434,1.00,1.00
2016.03.14 21:15:05.255,1.90359,1.90434,1.00,1.00
2016.03.14 21:15:05.799,1.9036,1.90434,1.00,1.00
2016.03.14 21:15:06.258,1.90349,1.90434,1.00,1.00
2016.03.14 21:15:06.460,1.90342,1.90434,1.00,1.00
2016.03.14 21:15:06.561,1.90349,1.90434,1.00,1.00
2016.03.14 21:15:06.897,1.90353,1.90434,1.00,1.00
2016.03.14 21:15:06.948,1.90331,1.90434,1.00,1.00
2016.03.14 21:15:07.108,1.90329,1.90434,2.25,1.00
2016.03.14 21:15:07.310,1.90325,1.90434,1.00,1.00
2016.03.14 21:15:07.360,1.90346,1.90434,1.00,1.00
2016.03.14 21:15:08.130,1.90349,1.90434,1.00,1.00
2016.03.14 21:15:10.345,1.9035,1.90434,1.00,1.00
2016.03.14 21:15:10.849,1.90349,1.90434,1.00,1.00
2016.03.14 21:15:11.452,1.90352,1.90434,1.00,1.00
2016.03.14 21:15:14.154,1.90353,1.90434,1.00,1.00
2016.03.14 21:15:14.692,1.90352,1.90434,1.00,1.00
2016.03.14 21:15:16.644,1.90353,1.90434,1.00,1.00
2016.03.14 21:15:17.152,1.90352,1.90434,1.00,1.00
2016.03.14 21:15:19.271,1.90349,1.90434,1.00,1.00
2016.03.14 21:15:19.384,1.90346,1.90434,1.00,1.00
2016.03.14 21:15:20.356,1.90347,1.90434,1.00,1.00
2016.03.14 21:15:20.457,1.90353,1.90434,1.00,1.00
2016.03.14 21:15:20.558,1.90349,1.90434,1.00,1.00
2016.03.14 21:15:21.114,1.9035,1.90434,1.00,1.00
2016.03.14 21:15:21.774,1.90349,1.90434,1.00,1.00
2016.03.14 21:15:22.314,1.9035,1.90434,1.00,1.00
2016.03.14 21:15:22.566,1.90347,1.90434,1.00,1.00
2016.03.14 21:15:22.667,1.9035,1.90434,1.00,1.00
2016.03.14 21:15:23.318,1.90346,1.90434,1.00,1.00
2016.03.14 21:15:23.419,1.90341,1.90433,1.00,1.00
2016.03.14 21:15:23.572,1.90339,1.90433,1.00,1.50
2016.03.14 21:15:24.085,1.9034,1.90432,1.00,1.00
2016.03.14 21:15:24.745,1.90339,1.90432,1.00,1.00
2016.03.14 21:15:27.340,1.90344,1.90432,1.00,1.00
2016.03.14 21:15:28.046,1.90344,1.90433,1.00,1.50
2016.03.14 21:15:28.743,1.90345,1.90433,1.00,1.50
2016.03.14 21:15:29.345,1.90344,1.90433,1.00,1.50
2016.03.14 21:15:30.406,1.90345,1.90433,1.00,1.50
2016.03.14 21:15:31.151,1.90344,1.90433,1.00,1.50
2016.03.14 21:15:32.847,1.90345,1.90433,1.00,1.50
2016.03.14 21:15:35.370,1.90344,1.90433,1.00,1.50
2016.03.14 21:15:35.471,1.90342,1.90432,1.00,1.00
2016.03.14 21:15:35.978,1.90345,1.90432,1.00,1.00
2016.03.14 21:15:37.859,1.90346,1.90432,1.00,1.00
2016.03.14 21:15:38.774,1.90345,1.90432,1.00,1.00
2016.03.14 21:15:39.868,1.90346,1.90432,1.00,1.00
2016.03.14 21:15:39.978,1.90337,1.90432,1.00,1.00
2016.03.14 21:15:40.028,1.90344,1.90422,1.00,1.00
2016.03.14 21:15:40.230,1.90337,1.90422,1.00,1.00
2016.03.14 21:15:40.331,1.90334,1.90422,1.00,1.00
2016.03.14 21:15:41.021,1.90339,1.90422,1.00,1.00
2016.03.14 21:15:41.581,1.90339,1.90421,1.00,1.00
2016.03.14 21:15:42.531,1.90343,1.90422,1.00,1.00
2016.03.14 21:15:45.802,1.90356,1.90422,1.00,1.00
2016.03.14 21:15:46.434,1.90355,1.90422,1.00,1.00
2016.03.14 21:15:47.085,1.90356,1.90422,1.00,1.00
2016.03.14 21:15:48.109,1.90355,1.90422,1.00,1.00
2016.03.14 21:15:48.310,1.90355,1.90428,1.00,1.00
2016.03.14 21:15:49.082,1.90356,1.90428,1.00,1.00
2016.03.14 21:15:50.116,1.90355,1.90428,1.00,1.00
2016.03.14 21:15:50.686,1.90366,1.90428,1.00,1.00
2016.03.14 21:15:51.605,1.90366,1.90433,1.00,1.00
2016.03.14 21:15:53.538,1.90367,1.90433,1.00,1.00
2016.03.14 21:15:54.120,1.90366,1.90433,1.00,1.00
2016.03.14 21:15:55.433,1.90367,1.90432,1.00,1.00
2016.03.14 21:15:56.129,1.90366,1.90432,1.00,1.00
2016.03.14 21:15:57.341,1.90367,1.90432,1.00,1.00
2016.03.14 21:15:58.260,1.90367,1.90442,1.00,1.00
2016.03.14 21:15:58.310,1.90375,1.90442,1.00,1.00
2016.03.14 21:15:59.347,1.90376,1.90442,1.00,1.00
2016.03.14 21:16:00.089,1.90376,1.90443,1.00,1.00
2016.03.14 21:16:00.750,1.90375,1.90443,1.00,1.00
2016.03.14 21:16:01.841,1.90375,1.90442,1.00,1.00
2016.03.14 21:16:02.222,1.90387,1.90443,1.00,1.00
2016.03.14 21:16:02.760,1.90388,1.90443,1.00,1.00
2016.03.14 21:16:04.128,1.90375,1.90443,1.00,1.00
2016.03.14 21:16:08.175,1.90376,1.90443,1.00,2.25
2016.03.14 21:16:10.780,1.90375,1.90443,1.00,1.50
2016.03.14 21:16:11.781,1.90376,1.90443,1.00,1.50
2016.03.14 21:16:14.087,1.90375,1.90443,1.00,1.50
2016.03.14 21:16:17.498,1.90376,1.90443,1.00,1.50
2016.03.14 21:16:22.209,1.90375,1.90443,1.00,1.50
2016.03.14 21:16:24.943,1.90375,1.90439,1.00,1.00
2016.03.14 21:16:25.117,1.9037,1.90439,1.00,1.00
2016.03.14 21:16:25.804,1.90371,1.90439,1.00,1.00
2016.03.14 21:16:27.453,1.90371,1.90438,1.00,1.00
2016.03.14 21:16:30.879,1.90371,1.90442,1.00,1.00
2016.03.14 21:16:30.979,1.90371,1.90447,1.00,1.00
2016.03.14 21:16:31.282,1.90371,1.90459,1.00,1.00
2016.03.14 21:16:31.826,1.9037,1.90458,1.00,1.00
2016.03.14 21:16:33.247,1.90371,1.90458,1.00,1.00
2016.03.14 21:16:33.807,1.90371,1.90459,1.00,1.00
2016.03.14 21:16:34.467,1.9037,1.90459,1.00,1.00
2016.03.14 21:16:37.137,1.90381,1.90459,1.00,1.00
2016.03.14 21:16:37.289,1.90381,1.90467,1.00,1.00
2016.03.14 21:16:37.806,1.90381,1.90468,1.00,1.50
2016.03.14 21:16:39.059,1.90385,1.90468,1.00,1.00
2016.03.14 21:16:39.110,1.90385,1.90482,1.00,1.10
2016.03.14 21:16:39.161,1.90385,1.90469,1.00,1.00
2016.03.14 21:16:39.262,1.90385,1.90471,1.00,1.00
2016.03.14 21:16:39.363,1.90385,1.90468,1.00,1.00
2016.03.14 21:16:39.572,1.90385,1.90473,1.00,1.00
2016.03.14 21:16:39.623,1.90385,1.90469,1.00,1.00
2016.03.14 21:16:39.942,1.90385,1.90484,1.00,2.25
2016.03.14 21:16:40.147,1.90385,1.90473,1.00,1.00
2016.03.14 21:16:40.248,1.90385,1.90481,1.00,1.00
2016.03.14 21:16:40.351,1.90385,1.90477,1.00,1.00
2016.03.14 21:16:41.071,1.90385,1.90476,1.00,1.00
2016.03.14 21:16:41.573,1.90385,1.90475,1.00,1.00
2016.03.14 21:16:42.162,1.90385,1.90476,1.00,1.00
2016.03.14 21:16:42.722,1.90385,1.9047,1.00,1.00
2016.03.14 21:16:48.180,1.90384,1.90471,1.00,1.00
2016.03.14 21:16:49.043,1.9039,1.9047,1.00,1.00
2016.03.14 21:16:49.755,1.90391,1.90473,1.00,1.00
2016.03.14 21:16:50.286,1.90391,1.90474,1.00,1.00
2016.03.14 21:16:50.958,1.90391,1.90473,1.00,1.00
2016.03.14 21:16:51.059,1.90391,1.90477,1.00,1.00
2016.03.14 21:16:51.163,1.90391,1.9048,1.00,1.00
2016.03.14 21:16:51.952,1.90391,1.90479,1.00,1.00
2016.03.14 21:16:52.470,1.90391,1.9048,1.00,1.00
2016.03.14 21:16:52.671,1.90391,1.90477,1.00,1.00
2016.03.14 21:16:53.187,1.90391,1.90478,1.00,1.00
2016.03.14 21:16:53.702,1.90392,1.90479,1.00,1.00
2016.03.14 21:16:53.853,1.90392,1.90487,1.00,1.50
2016.03.14 21:16:53.955,1.90392,1.90483,1.00,1.00
2016.03.14 21:16:54.041,1.90392,1.90488,1.00,1.00
2016.03.14 21:16:54.893,1.90386,1.90488,1.00,1.00
2016.03.14 21:16:54.944,1.90386,1.90481,1.00,1.00
2016.03.14 21:16:55.344,1.90386,1.90478,1.00,1.00
2016.03.14 21:16:55.894,1.90386,1.90488,1.00,1.00
2016.03.14 21:16:56.020,1.90386,1.90482,1.00,1.00
2016.03.14 21:16:56.172,1.90386,1.90486,1.00,1.00
2016.03.14 21:16:56.914,1.90386,1.90487,1.00,1.00
2016.03.14 21:16:57.798,1.90386,1.90488,1.00,1.50
2016.03.14 21:16:58.524,1.90386,1.90487,1.00,1.00
2016.03.14 21:16:59.173,1.90386,1.90488,1.00,1.50
2016.03.14 21:16:59.886,1.90386,1.90487,1.00,1.00
2016.03.14 21:17:00.438,1.90386,1.90488,1.00,1.00
2016.03.14 21:17:01.152,1.90387,1.90488,1.00,1.00
2016.03.14 21:17:01.203,1.90387,1.90486,1.00,1.00
2016.03.14 21:17:01.513,1.90387,1.90479,1.00,1.00
2016.03.14 21:17:01.904,1.90387,1.90483,1.00,1.00
2016.03.14 21:17:02.005,1.90387,1.90488,1.00,1.00
2016.03.14 21:17:02.164,1.90387,1.90479,1.00,1.00
2016.03.14 21:17:02.528,1.90387,1.90471,1.00,1.00
2016.03.14 21:17:03.156,1.90385,1.90471,1.00,1.00
2016.03.14 21:17:03.257,1.90385,1.90475,1.00,1.00
2016.03.14 21:17:03.760,1.90385,1.90474,1.00,1.00
2016.03.14 21:17:04.311,1.90385,1.90475,1.00,1.00
2016.03.14 21:17:05.764,1.90385,1.90474,1.00,1.00
2016.03.14 21:17:06.309,1.90384,1.90474,1.00,1.00
2016.03.14 21:17:06.961,1.90379,1.90472,1.00,1.00
2016.03.14 21:17:08.717,1.90379,1.9047,1.00,1.00
2016.03.14 21:17:09.171,1.90379,1.90472,1.00,1.00
2016.03.14 21:17:09.766,1.90379,1.9048,3.00,1.00
2016.03.14 21:17:10.291,1.9038,1.9048,2.25,1.00
2016.03.14 21:17:16.632,1.90379,1.9048,1.00,1.00
2016.03.14 21:17:17.232,1.9038,1.9048,2.25,1.00
2016.03.14 21:17:19.679,1.90385,1.9048,1.00,1.00
2016.03.14 21:17:23.296,1.90386,1.90483,1.00,1.00
2016.03.14 21:17:23.447,1.90386,1.90489,1.00,1.00
2016.03.14 21:17:23.964,1.9039,1.90489,2.25,1.00
2016.03.14 21:17:30.185,1.90391,1.90489,1.00,1.00
2016.03.14 21:17:40.265,1.90393,1.90489,1.00,1.00
2016.03.14 21:17:41.209,1.90391,1.90489,1.00,1.00
2016.03.14 21:17:42.892,1.90391,1.90478,1.00,1.00
2016.03.14 21:17:43.417,1.90392,1.90478,1.00,1.00
2016.03.14 21:17:46.419,1.90393,1.90478,1.00,1.00
2016.03.14 21:17:47.744,1.90392,1.90478,1.00,1.00
2016.03.14 21:17:48.446,1.90393,1.90478,1.00,1.00
2016.03.14 21:17:49.372,1.90392,1.90478,1.00,1.00
2016.03.14 21:17:53.362,1.90396,1.90478,1.00,1.00
2016.03.14 21:18:01.754,1.90397,1.90478,1.00,1.00
2016.03.14 21:18:02.344,1.90396,1.90478,1.50,1.00
2016.03.14 21:18:02.846,1.90397,1.90478,1.00,1.00
2016.03.14 21:18:10.413,1.90418,1.90478,1.00,1.00
2016.03.14 21:18:12.235,1.90406,1.90478,1.00,1.00
2016.03.14 21:18:16.651,1.90403,1.90478,1.00,1.00
2016.03.14 21:18:17.652,1.90404,1.90478,1.00,1.00
2016.03.14 21:18:17.705,1.90407,1.90478,1.00,1.00
2016.03.14 21:18:18.127,1.90418,1.90478,1.00,1.00
2016.03.14 21:18:22.260,1.90407,1.90478,1.00,1.00
2016.03.14 21:18:23.770,1.90406,1.90478,1.00,1.00
2016.03.14 21:18:23.871,1.90402,1.90478,1.00,1.00
2016.03.14 21:18:23.972,1.90406,1.90478,1.00,1.00
2016.03.14 21:18:25.978,1.90405,1.90478,1.00,1.00
2016.03.14 21:18:27.765,1.90405,1.90489,1.00,1.00
2016.03.14 21:18:27.986,1.90408,1.90489,1.00,1.00
2016.03.14 21:18:28.483,1.90413,1.90489,1.00,1.00
2016.03.14 21:18:29.178,1.90412,1.90489,1.00,1.00
2016.03.14 21:18:30.728,1.90412,1.90504,1.00,1.00
2016.03.14 21:18:30.779,1.90415,1.90508,1.00,1.00
2016.03.14 21:18:32.790,1.90417,1.90508,1.00,1.00
2016.03.14 21:18:33.116,1.90427,1.90509,1.00,1.00
2016.03.14 21:18:33.732,1.90427,1.90516,1.00,1.00
2016.03.14 21:18:34.435,1.90427,1.90517,1.00,1.00
2016.03.14 21:18:37.126,1.90439,1.90516,1.00,1.00
2016.03.14 21:18:47.011,1.90442,1.90517,1.00,1.00
2016.03.14 21:18:58.851,1.90443,1.90506,1.00,1.00
2016.03.14 21:19:01.168,1.90443,1.90499,1.00,1.00
2016.03.14 21:19:04.648,1.90443,1.9051,1.00,1.00
2016.03.14 21:19:05.967,1.90473,1.90516,1.00,1.00
2016.03.14 21:19:06.017,1.90473,1.9053,1.00,1.00
2016.03.14 21:19:06.068,1.90481,1.9053,1.50,1.00
2016.03.14 21:19:06.119,1.90486,1.90578,1.00,1.00
2016.03.14 21:19:06.169,1.90488,1.90578,1.00,1.00
2016.03.14 21:19:06.321,1.90502,1.90593,1.00,1.00
2016.03.14 21:19:06.372,1.90522,1.90593,1.00,1.00
2016.03.14 21:19:06.473,1.9051,1.90593,1.00,1.37
2016.03.14 21:19:06.523,1.90516,1.90595,1.00,2.11
2016.03.14 21:19:06.574,1.90516,1.90599,1.00,1.50
2016.03.14 21:19:06.625,1.90509,1.90598,1.00,1.00
2016.03.14 21:19:06.826,1.90501,1.90598,1.00,1.00
2016.03.14 21:19:06.927,1.90501,1.90593,1.00,1.00
2016.03.14 21:19:07.129,1.9049,1.90593,1.12,1.00
2016.03.14 21:19:08.453,1.9049,1.90593,1.87,1.00
2016.03.14 21:19:08.504,1.90505,1.90593,1.00,1.00
2016.03.14 21:19:09.308,1.90504,1.90593,1.00,1.00
2016.03.14 21:19:10.795,1.90504,1.90587,1.00,1.00
2016.03.14 21:19:11.163,1.90508,1.90587,1.00,1.00
2016.03.14 21:19:12.424,1.90514,1.90587,1.00,1.00
2016.03.14 21:19:12.625,1.90495,1.90587,1.37,1.00
2016.03.14 21:19:12.726,1.90513,1.90591,1.00,1.00
2016.03.14 21:19:12.827,1.9051,1.90591,1.00,1.00
2016.03.14 21:19:13.028,1.90504,1.90591,1.00,1.00
2016.03.14 21:19:13.364,1.90506,1.90591,1.00,1.00
2016.03.14 21:19:14.185,1.90505,1.90591,1.00,1.00
2016.03.14 21:19:14.332,1.90501,1.90591,1.00,1.00
2016.03.14 21:19:14.433,1.90505,1.90583,1.00,1.00
2016.03.14 21:19:14.563,1.90502,1.90583,1.00,1.00
2016.03.14 21:19:14.664,1.90498,1.90582,1.50,1.00
2016.03.14 21:19:14.989,1.90499,1.90575,1.50,1.00
2016.03.14 21:19:15.647,1.90503,1.90575,1.00,1.00
2016.03.14 21:19:19.906,1.90503,1.90568,1.00,1.00
2016.03.14 21:19:21.925,1.90503,1.90567,1.00,1.00
2016.03.14 21:19:22.228,1.90504,1.9056,1.00,1.00
2016.03.14 21:19:22.632,1.90504,1.90569,1.00,1.00
2016.03.14 21:19:22.733,1.90503,1.90578,1.00,1.00
2016.03.14 21:19:23.036,1.90503,1.90586,1.00,1.00
2016.03.14 21:19:24.884,1.90505,1.90586,1.00,1.00
2016.03.14 21:19:24.935,1.90505,1.90594,1.00,1.50
2016.03.14 21:19:25.087,1.90511,1.90594,1.00,1.50
2016.03.14 21:19:25.188,1.90508,1.90594,1.00,1.50
2016.03.14 21:19:25.289,1.90513,1.90594,1.00,1.50
2016.03.14 21:19:25.390,1.90503,1.90594,1.37,1.50
2016.03.14 21:19:25.930,1.90501,1.90595,1.87,1.00
2016.03.14 21:19:26.291,1.90501,1.90579,1.87,1.00
2016.03.14 21:19:26.543,1.90502,1.90579,1.00,1.50
2016.03.14 21:19:27.485,1.90502,1.90578,1.00,1.00
2016.03.14 21:19:28.381,1.90504,1.90579,1.00,1.00
2016.03.14 21:19:28.532,1.90504,1.90586,1.00,1.00
2016.03.14 21:19:34.517,1.90506,1.90586,1.00,1.50
2016.03.14 21:19:34.769,1.90509,1.90594,1.00,1.00
2016.03.14 21:19:36.730,1.90508,1.90594,1.00,1.00
2016.03.14 21:19:37.275,1.90508,1.90593,1.00,1.00
2016.03.14 21:19:37.934,1.90508,1.90594,1.00,1.00
2016.03.14 21:19:38.438,1.90509,1.90594,1.00,1.00
2016.03.14 21:19:40.179,1.90507,1.90594,1.00,1.00
2016.03.14 21:19:40.246,1.9051,1.90594,1.00,1.00
2016.03.14 21:19:41.831,1.9051,1.90593,1.00,1.00
2016.03.14 21:19:41.982,1.90507,1.90594,1.00,1.00
2016.03.14 21:19:42.352,1.9052,1.90614,2.62,1.00
2016.03.14 21:19:42.403,1.9052,1.90617,2.62,1.00
2016.03.14 21:19:42.504,1.90525,1.90627,1.12,1.00
2016.03.14 21:19:42.555,1.90527,1.90628,2.25,1.00
2016.03.14 21:19:42.984,1.90535,1.90628,1.00,1.00
2016.03.14 21:19:43.203,1.90531,1.90628,1.00,1.00
2016.03.14 21:19:43.304,1.90523,1.90628,2.62,1.00
2016.03.14 21:19:43.467,1.9053,1.90628,1.00,1.00
2016.03.14 21:19:43.785,1.90528,1.90628,1.00,1.00
2016.03.14 21:19:43.904,1.90531,1.90622,1.00,1.00
2016.03.14 21:19:44.006,1.90528,1.90622,1.00,1.00
2016.03.14 21:19:44.056,1.90528,1.9061,1.00,1.00
2016.03.14 21:19:44.107,1.90519,1.9061,1.00,1.00
2016.03.14 21:19:44.208,1.90513,1.9061,2.25,1.00
2016.03.14 21:19:44.259,1.90509,1.90609,1.00,1.00
2016.03.14 21:19:44.894,1.90508,1.90609,1.00,1.00
2016.03.14 21:19:45.207,1.90511,1.90609,1.00,1.00
2016.03.14 21:19:46.208,1.9051,1.90609,1.00,1.00
2016.03.14 21:19:46.660,1.90509,1.90604,1.00,1.00
2016.03.14 21:19:46.710,1.90507,1.90604,1.50,1.00
2016.03.14 21:19:50.190,1.90508,1.90604,1.00,1.00
2016.03.14 21:19:52.204,1.90507,1.90604,1.00,1.00
2016.03.14 21:19:52.796,1.90507,1.90603,1.00,1.00
2016.03.14 21:19:53.950,1.90505,1.90603,1.00,1.00
2016.03.14 21:19:57.179,1.90505,1.90598,1.00,1.00
2016.03.14 21:20:00.361,1.90504,1.90598,1.50,1.00
2016.03.14 21:20:01.088,1.90505,1.90598,1.00,1.00
2016.03.14 21:20:01.592,1.90504,1.90598,2.25,1.00
2016.03.14 21:20:02.097,1.90505,1.90598,1.00,1.00
2016.03.14 21:20:02.424,1.90505,1.90586,1.00,1.00
2016.03.14 21:20:03.409,1.90505,1.90585,1.00,1.00
2016.03.14 21:20:03.926,1.90507,1.90585,1.00,1.00
2016.03.14 21:20:07.329,1.90507,1.90597,1.00,1.00
2016.03.14 21:20:11.463,1.90509,1.90597,1.00,1.00
2016.03.14 21:20:11.827,1.90512,1.90598,2.25,1.00
2016.03.14 21:20:14.439,1.90513,1.90598,2.25,1.00
2016.03.14 21:20:15.432,1.90512,1.90598,1.00,1.00
2016.03.14 21:20:19.806,1.90512,1.90597,1.00,1.00
2016.03.14 21:20:20.109,1.90511,1.90592,1.00,1.00
2016.03.14 21:20:22.645,1.90511,1.90591,1.00,1.00
2016.03.14 21:20:26.274,1.90513,1.90591,1.00,1.00
2016.03.14 21:20:26.325,1.90513,1.90616,1.00,1.00
2016.03.14 21:20:26.376,1.90512,1.9062,1.00,1.00
2016.03.14 21:20:26.822,1.90522,1.9062,2.25,1.00
2016.03.14 21:20:27.377,1.90521,1.9062,2.25,1.00
2016.03.14 21:20:28.278,1.90522,1.9062,1.00,1.00
2016.03.14 21:20:28.679,1.90524,1.9062,1.00,1.00
2016.03.14 21:20:29.695,1.90523,1.9062,1.00,1.00
2016.03.14 21:20:30.312,1.90524,1.9062,1.00,1.00
2016.03.14 21:20:30.483,1.9052,1.9062,2.25,1.00
2016.03.14 21:20:31.146,1.90519,1.9062,3.00,1.00
2016.03.14 21:20:31.247,1.90516,1.90621,2.25,1.00
2016.03.14 21:20:31.993,1.90519,1.90621,1.00,1.00
2016.03.14 21:20:32.497,1.90523,1.90621,1.00,1.00
2016.03.14 21:20:32.686,1.90519,1.9062,1.00,1.00
2016.03.14 21:20:32.787,1.90523,1.90621,1.00,1.00
2016.03.14 21:20:33.945,1.90523,1.9062,1.00,1.00
2016.03.14 21:20:34.466,1.90523,1.90621,1.00,1.00
2016.03.14 21:20:36.343,1.90523,1.9062,1.00,1.00
2016.03.14 21:20:36.844,1.90523,1.90621,1.00,1.00
2016.03.14 21:20:38.377,1.90535,1.90621,1.00,1.00
2016.03.14 21:20:38.697,1.90535,1.90604,1.00,1.00
2016.03.14 21:20:40.680,1.90533,1.90604,1.00,1.00
2016.03.14 21:21:10.384,1.90533,1.90615,1.00,1.00
2016.03.14 21:21:10.485,1.90534,1.9062,1.00,1.00
2016.03.14 21:21:10.536,1.90534,1.9063,1.00,1.00
2016.03.14 21:21:10.587,1.90541,1.9063,1.00,1.00
2016.03.14 21:21:10.890,1.90545,1.90629,1.00,1.00
2016.03.14 21:21:11.257,1.90547,1.90627,1.00,1.00
2016.03.14 21:21:11.811,1.90544,1.90627,3.00,1.00
2016.03.14 21:21:13.110,1.90542,1.90627,3.00,1.00
2016.03.14 21:21:14.846,1.90541,1.90627,1.00,1.00
2016.03.14 21:21:17.500,1.9054,1.90627,1.00,1.00
2016.03.14 21:21:18.893,1.90544,1.90627,1.00,1.00
2016.03.14 21:21:19.573,1.90542,1.90627,1.00,1.00
2016.03.14 21:21:20.890,1.90546,1.90627,1.00,1.00
2016.03.14 21:21:21.533,1.90546,1.90634,1.00,1.00
2016.03.14 21:21:21.584,1.90541,1.90634,1.00,1.00
2016.03.14 21:21:21.794,1.90544,1.90634,1.00,1.00
2016.03.14 21:21:23.499,1.90543,1.90634,1.00,1.00
2016.03.14 21:21:24.000,1.90542,1.90634,1.00,1.00
2016.03.14 21:21:24.978,1.90541,1.90634,1.00,1.00
2016.03.14 21:21:25.651,1.90542,1.90634,1.00,1.00
2016.03.14 21:21:26.213,1.9054,1.90634,1.00,1.00
2016.03.14 21:21:26.373,1.9054,1.90638,1.00,1.00
2016.03.14 21:21:26.514,1.90542,1.90638,2.25,1.00
2016.03.14 21:21:26.906,1.90546,1.90638,2.25,1.00
2016.03.14 21:21:32.213,1.90549,1.90638,2.25,1.00
2016.03.14 21:21:32.514,1.90542,1.90638,1.00,1.00
2016.03.14 21:21:33.539,1.90546,1.90638,2.25,1.00
2016.03.14 21:21:33.903,1.90548,1.90638,2.25,1.00
2016.03.14 21:21:33.954,1.90548,1.90643,2.25,1.50
2016.03.14 21:21:37.252,1.90547,1.90643,2.25,1.50
2016.03.14 21:21:42.927,1.90542,1.90643,1.00,1.50
2016.03.14 21:21:43.611,1.90543,1.90643,1.00,1.50
2016.03.14 21:21:43.859,1.90547,1.90644,1.87,1.50
2016.03.14 21:21:44.266,1.90541,1.90644,2.25,1.50
2016.03.14 21:21:44.669,1.90544,1.90644,2.25,1.00
2016.03.14 21:21:45.279,1.90542,1.90644,2.25,1.00
2016.03.14 21:21:46.271,1.90545,1.90644,2.25,1.00
2016.03.14 21:21:48.574,1.90542,1.90643,2.25,1.00
2016.03.14 21:21:49.444,1.9054,1.90644,2.25,1.00
2016.03.14 21:21:49.495,1.9054,1.90637,2.25,1.00
2016.03.14 21:21:54.244,1.90539,1.90637,2.25,1.00
2016.03.14 21:21:54.444,1.90536,1.90637,2.25,1.00
2016.03.14 21:21:59.725,1.90541,1.90636,1.37,1.00
2016.03.14 21:21:59.827,1.90549,1.90642,1.00,1.00
2016.03.14 21:22:00.894,1.90549,1.90639,1.00,1.00
2016.03.14 21:22:05.054,1.90548,1.90639,1.12,1.00
2016.03.14 21:22:06.755,1.90553,1.90634,1.00,1.00
2016.03.14 21:22:07.208,1.90553,1.90632,1.00,1.00
2016.03.14 21:22:08.500,1.90553,1.90631,1.00,1.00
2016.03.14 21:22:15.681,1.90553,1.90632,1.00,1.00
2016.03.14 21:22:16.655,1.90558,1.90628,1.00,1.00
2016.03.14 21:22:19.341,1.90563,1.90629,1.12,1.00
2016.03.14 21:22:19.442,1.90563,1.90631,1.12,1.00
2016.03.14 21:22:20.393,1.90563,1.90632,1.12,1.00
2016.03.14 21:22:20.495,1.90563,1.90635,1.12,1.00
2016.03.14 21:22:24.492,1.9056,1.90635,1.00,1.00
2016.03.14 21:22:24.644,1.90557,1.90635,1.37,1.00
2016.03.14 21:22:29.458,1.90566,1.90636,1.00,1.50
2016.03.14 21:22:39.474,1.90572,1.90635,1.00,1.00
2016.03.14 21:22:42.313,1.90572,1.90637,1.00,1.00
2016.03.14 21:22:42.525,1.90572,1.90642,1.00,1.00
2016.03.14 21:22:43.212,1.90572,1.90648,1.00,1.00
2016.03.14 21:22:44.482,1.90583,1.90648,1.00,1.00
2016.03.14 21:22:44.784,1.90577,1.90649,1.00,1.00
2016.03.14 21:22:45.126,1.90571,1.90649,1.00,1.00
2016.03.14 21:22:46.374,1.90571,1.90648,1.00,1.00
2016.03.14 21:22:46.425,1.9057,1.90643,1.00,1.00
2016.03.14 21:22:46.834,1.90567,1.90643,1.00,1.00
2016.03.14 21:22:50.001,1.90568,1.90643,1.00,1.50
2016.03.14 21:22:57.675,1.90568,1.90642,1.00,1.00
2016.03.14 21:23:00.009,1.90571,1.90637,1.00,1.00
2016.03.14 21:23:01.048,1.90559,1.90635,1.00,1.00
2016.03.14 21:23:01.453,1.90552,1.90636,1.12,1.00
2016.03.14 21:23:01.656,1.90552,1.90635,1.37,1.00
2016.03.14 21:23:04.115,1.90559,1.90624,1.12,1.00
2016.03.14 21:23:06.119,1.90557,1.90625,1.00,1.00
2016.03.14 21:23:06.626,1.90557,1.90624,1.00,1.00
2016.03.14 21:23:14.100,1.90554,1.90624,1.37,1.00
2016.03.14 21:23:14.151,1.90554,1.90619,1.37,1.00
2016.03.14 21:23:20.838,1.90532,1.90624,2.25,1.00
2016.03.14 21:23:20.890,1.90536,1.90624,1.00,1.00
2016.03.14 21:23:21.376,1.9054,1.90624,1.00,1.00
2016.03.14 21:23:21.919,1.90541,1.90624,1.00,1.00
2016.03.14 21:23:23.379,1.9054,1.90624,1.00,1.00
2016.03.14 21:23:23.892,1.90541,1.90614,1.00,1.00
2016.03.14 21:23:26.785,1.9054,1.90614,1.00,1.00
2016.03.14 21:23:27.099,1.90544,1.90614,1.00,1.00
2016.03.14 21:23:27.631,1.90572,1.90614,1.00,1.00
2016.03.14 21:23:27.682,1.90572,1.90626,1.00,1.00
2016.03.14 21:23:27.883,1.90549,1.90627,1.37,1.00
2016.03.14 21:23:28.186,1.90545,1.90626,1.00,1.00
2016.03.14 21:23:28.388,1.90545,1.90627,1.37,1.00
2016.03.14 21:23:28.850,1.90545,1.90627,1.37,1.00
2016.03.14 21:23:29.361,1.90554,1.90627,1.00,1.00
2016.03.14 21:23:29.500,1.90548,1.90627,1.00,1.00
2016.03.14 21:23:34.682,1.90548,1.90628,1.00,1.37
2016.03.14 21:23:34.995,1.90548,1.90607,1.00,1.00
2016.03.14 21:23:35.700,1.90548,1.90606,1.00,1.00
2016.03.14 21:23:36.802,1.90546,1.90606,1.00,1.00
2016.03.14 21:23:38.222,1.90546,1.9062,1.00,1.00
2016.03.14 21:23:38.323,1.90546,1.90624,1.00,1.00
2016.03.14 21:23:38.424,1.90546,1.90629,1.00,1.87
2016.03.14 21:23:42.268,1.90558,1.90629,1.00,1.00
2016.03.14 21:23:49.511,1.90548,1.90629,1.00,1.87
2016.03.14 21:23:51.000,1.90548,1.90629,1.37,1.00
2016.03.14 21:23:51.101,1.90548,1.9063,1.00,1.00
2016.03.14 21:23:51.203,1.90549,1.9063,1.37,1.00
2016.03.14 21:23:51.507,1.90561,1.90629,1.37,1.00
2016.03.14 21:23:53.082,1.90561,1.90619,1.37,1.00
2016.03.14 21:23:54.131,1.90561,1.90619,1.00,1.00
2016.03.14 21:23:54.473,1.90555,1.90618,1.37,1.00
2016.03.14 21:23:58.330,1.90558,1.90618,1.12,1.00
2016.03.14 21:24:00.631,1.90544,1.90616,1.63,1.00
2016.03.14 21:24:00.733,1.90541,1.90617,1.00,1.00
2016.03.14 21:24:00.783,1.90545,1.90617,1.00,1.00
2016.03.14 21:24:00.894,1.9054,1.90617,1.12,1.00
2016.03.14 21:24:02.431,1.9054,1.90607,1.00,1.00
2016.03.14 21:24:02.532,1.90529,1.90607,1.00,1.00
2016.03.14 21:24:02.583,1.90515,1.90607,1.00,1.00
2016.03.14 21:24:02.684,1.90517,1.90607,1.00,1.00
2016.03.14 21:24:02.998,1.90517,1.90605,1.00,1.00
2016.03.14 21:24:04.005,1.90517,1.90594,1.00,1.00
2016.03.14 21:24:06.010,1.90517,1.90582,1.00,1.00
2016.03.14 21:24:08.923,1.90517,1.9057,1.00,1.00
2016.03.14 21:24:09.832,1.90518,1.9057,1.00,1.00
2016.03.14 21:24:10.361,1.90517,1.9057,1.00,1.00
2016.03.14 21:24:11.635,1.90513,1.9057,1.50,1.00
2016.03.14 21:24:14.326,1.90512,1.9057,1.12,1.00
2016.03.14 21:24:18.936,1.9051,1.90566,1.75,1.00
2016.03.14 21:24:19.948,1.9051,1.90566,1.00,1.00
2016.03.14 21:24:22.941,1.90508,1.90566,1.00,1.00
2016.03.14 21:24:23.742,1.90511,1.90566,1.00,1.00
2016.03.14 21:24:24.270,1.90512,1.90566,1.50,1.00
2016.03.14 21:24:28.726,1.9051,1.90566,1.00,1.00
2016.03.14 21:24:29.747,1.90512,1.90566,1.00,1.00
2016.03.14 21:24:30.270,1.90512,1.90596,1.00,1.00
2016.03.14 21:24:30.321,1.90515,1.90596,1.00,1.00
2016.03.14 21:24:30.636,1.90517,1.90596,1.00,1.00
2016.03.14 21:24:31.381,1.90521,1.90596,1.00,1.00
2016.03.14 21:24:32.995,1.90521,1.90594,3.00,1.00
2016.03.14 21:24:34.399,1.90522,1.90594,1.00,1.00
2016.03.14 21:24:40.871,1.90521,1.90594,2.25,1.00
2016.03.14 21:24:41.421,1.90519,1.90594,1.00,1.00
2016.03.14 21:24:41.930,1.90527,1.90594,1.00,1.00
2016.03.14 21:24:41.981,1.90535,1.90613,1.80,1.00
2016.03.14 21:24:44.516,1.90544,1.90612,1.00,1.00
2016.03.14 21:24:45.133,1.90537,1.90612,1.37,1.00
2016.03.14 21:24:46.059,1.90549,1.90612,1.00,1.00
2016.03.14 21:24:46.110,1.90549,1.90618,1.37,1.00
2016.03.14 21:24:49.324,1.90549,1.9062,1.37,1.00
2016.03.14 21:24:51.128,1.90552,1.9062,1.00,1.00
2016.03.14 21:24:51.678,1.90552,1.90619,1.37,1.00
2016.03.14 21:24:53.785,1.90552,1.90619,1.00,1.00
2016.03.14 21:24:54.639,1.9055,1.90619,1.37,1.00
2016.03.14 21:24:55.989,1.90549,1.90619,1.00,1.00
2016.03.14 21:24:59.240,1.90551,1.9062,1.00,1.00
2016.03.14 21:25:02.249,1.90545,1.90617,1.37,1.00
2016.03.14 21:25:04.453,1.90545,1.90617,1.37,1.00
2016.03.14 21:25:04.902,1.90552,1.90617,1.00,1.00
2016.03.14 21:25:05.253,1.90561,1.90618,1.37,1.00
2016.03.14 21:25:06.745,1.90561,1.9063,1.37,1.00
2016.03.14 21:25:06.997,1.90562,1.9063,1.12,1.00
2016.03.14 21:25:09.716,1.90561,1.9063,1.37,1.00
2016.03.14 21:25:10.558,1.90565,1.9063,1.00,1.00
2016.03.14 21:25:10.609,1.90555,1.9063,1.00,1.00
2016.03.14 21:25:19.785,1.90553,1.90624,1.00,1.00
2016.03.14 21:25:21.584,1.90546,1.90621,1.00,1.00
2016.03.14 21:25:31.654,1.90543,1.90616,1.00,1.00
2016.03.14 21:25:31.907,1.90523,1.90615,1.00,1.00
2016.03.14 21:25:32.406,1.90525,1.90615,1.00,1.00
2016.03.14 21:25:32.910,1.90526,1.90615,1.00,1.00
2016.03.14 21:25:33.663,1.90525,1.90615,1.00,1.00
2016.03.14 21:25:34.313,1.90526,1.90615,1.00,1.00
2016.03.14 21:25:36.169,1.90526,1.90602,1.00,1.00
2016.03.14 21:25:37.829,1.90525,1.90602,1.00,1.00
2016.03.14 21:25:38.335,1.90526,1.90602,1.00,1.00
2016.03.14 21:25:38.487,1.90523,1.90601,1.00,1.00
2016.03.14 21:25:38.537,1.90528,1.90601,1.00,1.00
2016.03.14 21:25:39.027,1.90533,1.90601,1.00,1.00
2016.03.14 21:25:39.447,1.90531,1.90601,1.00,1.00
2016.03.14 21:25:39.548,1.90518,1.90601,1.00,1.00
2016.03.14 21:25:39.649,1.90516,1.90601,1.50,1.00
2016.03.14 21:25:39.800,1.90514,1.90601,1.00,1.00
2016.03.14 21:25:40.332,1.90513,1.90601,1.00,1.00
2016.03.14 21:25:41.657,1.90512,1.90601,1.50,1.00
2016.03.14 21:25:42.663,1.90511,1.90601,1.50,1.00
2016.03.14 21:25:42.865,1.90514,1.90601,1.00,1.00
2016.03.14 21:25:43.635,1.90515,1.90601,1.00,1.00
2016.03.14 21:25:43.966,1.90514,1.90589,1.00,1.00
2016.03.14 21:25:44.016,1.90514,1.90605,1.00,1.00
2016.03.14 21:25:44.867,1.90515,1.90605,1.00,1.00
2016.03.14 21:25:45.230,1.90511,1.90605,1.00,1.00
2016.03.14 21:25:46.093,1.90513,1.90595,1.00,1.00
2016.03.14 21:25:49.902,1.90513,1.90595,1.00,1.37
2016.03.14 21:25:50.341,1.9051,1.90582,1.00,1.00
2016.03.14 21:25:50.822,1.9051,1.90588,1.00,1.37
2016.03.14 21:25:52.052,1.90504,1.90577,1.00,1.00
2016.03.14 21:25:57.918,1.90507,1.9058,1.00,1.00
2016.03.14 21:25:58.019,1.90507,1.90582,1.00,1.12
2016.03.14 21:26:08.234,1.90515,1.90591,1.00,1.37
2016.03.14 21:26:09.857,1.90516,1.90588,1.00,1.00
2016.03.14 21:26:13.463,1.90517,1.90594,1.00,1.00
2016.03.14 21:26:15.866,1.90521,1.90596,1.00,1.00
2016.03.14 21:26:15.967,1.90521,1.90605,1.00,1.00
2016.03.14 21:26:16.068,1.90521,1.90607,1.00,1.00
2016.03.14 21:26:16.318,1.90524,1.90607,1.00,1.00
2016.03.14 21:26:16.669,1.90526,1.90607,1.00,1.00
2016.03.14 21:26:16.921,1.90522,1.90607,1.00,1.00
2016.03.14 21:26:17.607,1.90521,1.90607,1.50,1.00
2016.03.14 21:26:18.928,1.90522,1.90607,1.00,1.00
2016.03.14 21:26:19.832,1.90521,1.90607,1.50,1.00
2016.03.14 21:26:19.883,1.90534,1.90606,1.00,1.00
2016.03.14 21:26:25.471,1.90534,1.90615,1.00,1.76
2016.03.14 21:26:26.082,1.90532,1.90614,1.00,1.00
2016.03.14 21:26:26.133,1.90532,1.90621,1.00,1.00
2016.03.14 21:26:26.663,1.90532,1.90622,1.00,1.00
2016.03.14 21:26:27.213,1.90531,1.90622,1.00,1.00
2016.03.14 21:26:27.919,1.90531,1.90621,1.00,1.00
2016.03.14 21:26:30.895,1.90542,1.90621,1.00,1.00
2016.03.14 21:26:34.730,1.90542,1.90622,1.00,1.00
2016.03.14 21:26:36.659,1.90542,1.90621,1.00,1.00
2016.03.14 21:26:39.162,1.90542,1.90629,1.00,1.50
2016.03.14 21:26:39.263,1.90542,1.90648,1.00,1.00
2016.03.14 21:26:39.314,1.90545,1.9065,1.00,2.25
2016.03.14 21:26:39.364,1.90545,1.90652,1.00,2.25
2016.03.14 21:26:39.667,1.90545,1.90655,1.00,2.25
2016.03.14 21:26:40.183,1.90544,1.90655,1.00,2.25
2016.03.14 21:26:41.381,1.90556,1.90655,1.00,2.25
2016.03.14 21:26:43.115,1.90546,1.90653,1.00,1.00
2016.03.14 21:26:43.166,1.90546,1.90628,1.00,1.00
2016.03.14 21:26:43.469,1.90547,1.90625,1.00,1.00
2016.03.14 21:26:44.016,1.90547,1.90624,1.00,1.00
2016.03.14 21:26:44.677,1.90547,1.90625,1.00,1.00
2016.03.14 21:26:45.580,1.90547,1.9064,1.00,1.00
2016.03.14 21:26:46.332,1.90547,1.90641,1.00,1.00
2016.03.14 21:26:48.489,1.90547,1.9064,1.00,1.00
2016.03.14 21:26:51.495,1.90548,1.9064,1.00,1.00
2016.03.14 21:26:52.015,1.90548,1.90641,1.00,1.00
2016.03.14 21:26:53.756,1.90548,1.9064,1.00,1.00
2016.03.14 21:27:01.531,1.90545,1.9064,1.00,1.00
2016.03.14 21:27:02.256,1.90545,1.90641,1.00,1.00
2016.03.14 21:27:06.775,1.90545,1.9064,1.00,1.00
2016.03.14 21:27:09.947,1.90544,1.9064,1.00,1.00
2016.03.14 21:27:10.474,1.90544,1.90641,1.00,1.00
2016.03.14 21:27:11.548,1.90545,1.90641,1.00,1.00
2016.03.14 21:27:12.157,1.90545,1.9064,1.00,1.00
2016.03.14 21:27:20.314,1.90545,1.90641,1.00,1.00
2016.03.14 21:27:21.538,1.90544,1.90641,1.00,1.00
2016.03.14 21:27:23.817,1.90544,1.9064,1.00,1.00
2016.03.14 21:27:28.054,1.90543,1.9064,1.00,1.00
2016.03.14 21:27:30.206,1.90543,1.90641,1.00,1.00
2016.03.14 21:27:30.714,1.90543,1.9064,1.00,1.00
2016.03.14 21:27:39.319,1.90543,1.90641,1.00,1.00
2016.03.14 21:27:43.844,1.90543,1.9064,1.00,1.00
2016.03.14 21:27:50.335,1.90543,1.90641,1.00,1.00
2016.03.14 21:27:51.036,1.90543,1.9064,1.00,1.00
2016.03.14 21:27:52.239,1.90543,1.90641,1.00,1.00
2016.03.14 21:27:59.149,1.90543,1.9064,1.00,1.00
2016.03.14 21:28:05.159,1.90543,1.90641,1.00,1.00
2016.03.14 21:28:06.903,1.90543,1.9064,1.00,1.00
2016.03.14 21:28:08.166,1.90543,1.90641,1.00,1.00
2016.03.14 21:28:19.384,1.90543,1.9064,1.00,1.00
2016.03.14 21:28:23.865,1.90553,1.9064,1.00,1.00
2016.03.14 21:28:27.770,1.90541,1.9064,1.00,1.00
2016.03.14 21:28:30.861,1.90543,1.9064,1.00,1.00
2016.03.14 21:28:43.734,1.90543,1.90641,1.00,1.00
2016.03.14 21:28:49.480,1.90544,1.90641,1.00,1.00
2016.03.14 21:29:03.249,1.90544,1.9064,1.00,1.00
2016.03.14 21:29:03.800,1.90544,1.90641,1.00,1.00
2016.03.14 21:29:09.608,1.90544,1.9064,1.00,1.00
2016.03.14 21:29:12.799,1.90544,1.90641,1.00,1.00
2016.03.14 21:29:15.665,1.90544,1.9064,1.00,1.00
2016.03.14 21:29:20.906,1.90545,1.9064,1.00,1.00
2016.03.14 21:29:24.392,1.90545,1.90641,1.00,1.00
2016.03.14 21:29:25.431,1.90546,1.90641,1.00,1.00
2016.03.14 21:29:25.941,1.90546,1.9064,1.00,1.00
2016.03.14 21:29:29.611,1.90546,1.90641,1.00,1.00
2016.03.14 21:29:30.146,1.90546,1.9064,1.00,1.00
2016.03.14 21:29:31.228,1.90535,1.9064,1.00,1.00
2016.03.14 21:29:31.732,1.90535,1.90641,1.00,1.00
2016.03.14 21:29:38.028,1.90524,1.90625,1.00,1.00
2016.03.14 21:29:38.129,1.90518,1.90623,1.00,1.00
2016.03.14 21:29:38.230,1.90518,1.90626,1.00,1.00
2016.03.14 21:29:48.738,1.90518,1.90619,1.00,1.00
2016.03.14 21:29:54.588,1.90522,1.90619,1.00,1.00
2016.03.14 21:29:57.895,1.90518,1.90619,1.00,1.00
2016.03.14 21:29:59.368,1.90519,1.90618,1.00,1.00
2016.03.14 21:30:01.349,1.9052,1.90606,1.00,1.00
2016.03.14 21:30:04.692,1.90522,1.90606,1.00,1.00
2016.03.14 21:30:06.339,1.90522,1.90594,1.50,1.00
2016.03.14 21:30:06.909,1.90523,1.90594,1.00,1.00
2016.03.14 21:30:08.751,1.90521,1.90594,1.00,1.00
2016.03.14 21:30:11.348,1.90521,1.90605,1.50,1.00
2016.03.14 21:30:12.989,1.90522,1.90605,1.00,1.00
2016.03.14 21:30:13.511,1.90521,1.90605,1.00,1.00
2016.03.14 21:30:14.705,1.90522,1.90605,1.00,1.00
2016.03.14 21:30:15.908,1.90519,1.90605,1.00,1.00
2016.03.14 21:30:16.861,1.9052,1.90605,1.00,1.00
2016.03.14 21:30:17.004,1.90526,1.90605,1.50,1.00
2016.03.14 21:30:17.326,1.90528,1.90605,1.00,1.00
2016.03.14 21:30:18.058,1.90527,1.90605,1.00,1.00
2016.03.14 21:30:19.062,1.90528,1.90605,1.00,1.00
2016.03.14 21:30:20.957,1.90527,1.90605,1.00,1.00
2016.03.14 21:30:21.664,1.90526,1.90605,1.50,1.00
2016.03.14 21:30:24.083,1.90529,1.90605,1.00,1.00
2016.03.14 21:30:24.431,1.90532,1.90605,1.00,1.00
2016.03.14 21:30:25.032,1.90531,1.90605,1.50,1.00
2016.03.14 21:30:25.721,1.90532,1.90605,1.00,1.00
2016.03.14 21:30:26.252,1.90529,1.90605,1.50,1.00
2016.03.14 21:30:27.692,1.9053,1.90605,1.00,1.00
2016.03.14 21:30:28.194,1.90529,1.90605,1.00,1.00
2016.03.14 21:30:28.295,1.90527,1.90605,1.00,1.00
2016.03.14 21:30:28.574,1.90529,1.90605,1.00,1.00
2016.03.14 21:30:29.174,1.9053,1.90605,1.00,1.00
2016.03.14 21:30:29.775,1.90532,1.90605,1.00,1.00
2016.03.14 21:30:30.704,1.90531,1.90605,1.00,1.00
2016.03.14 21:30:30.805,1.90529,1.90605,1.50,1.00
2016.03.14 21:30:31.383,1.90529,1.90608,1.50,1.00
2016.03.14 21:30:31.991,1.9053,1.90608,1.00,1.00
2016.03.14 21:30:32.310,1.90526,1.90608,3.00,1.00
2016.03.14 21:30:32.842,1.90525,1.90608,1.00,1.00
2016.03.14 21:30:33.716,1.90524,1.90608,2.25,1.00
2016.03.14 21:30:34.218,1.90525,1.90608,1.00,1.00
2016.03.14 21:30:36.682,1.90524,1.90608,1.00,1.00
2016.03.14 21:30:37.117,1.90529,1.90637,1.00,1.00
2016.03.14 21:30:37.169,1.9053,1.90639,1.00,3.75
2016.03.14 21:30:37.219,1.90539,1.90639,1.00,3.00
2016.03.14 21:30:37.529,1.90549,1.90638,1.00,1.00
2016.03.14 21:30:37.832,1.90551,1.90638,1.00,1.00
2016.03.14 21:30:38.133,1.90547,1.90638,1.00,1.00
2016.03.14 21:30:38.235,1.90545,1.90638,1.00,1.00
2016.03.14 21:30:38.963,1.90544,1.90638,1.00,1.00
2016.03.14 21:30:39.648,1.90542,1.90638,1.50,1.00
2016.03.14 21:30:39.834,1.90538,1.90639,3.00,1.00
2016.03.14 21:30:40.391,1.90537,1.90639,1.50,1.00
2016.03.14 21:30:40.985,1.90538,1.90639,1.00,1.00
2016.03.14 21:30:42.113,1.90538,1.90628,1.00,1.00
2016.03.14 21:30:42.215,1.90528,1.90628,1.50,1.00
2016.03.14 21:30:44.225,1.90529,1.90623,1.00,1.00
2016.03.14 21:30:48.198,1.90529,1.90612,1.00,1.00
2016.03.14 21:30:58.210,1.90528,1.90609,1.00,1.00
2016.03.14 21:31:02.916,1.90528,1.90608,1.00,1.00
2016.03.14 21:31:11.866,1.9053,1.90608,1.00,1.00
2016.03.14 21:31:12.191,1.90535,1.90613,1.00,1.00
2016.03.14 21:31:16.036,1.90535,1.90615,1.50,1.00
2016.03.14 21:31:23.882,1.90528,1.90615,1.12,1.00
2016.03.14 21:31:24.134,1.90525,1.90616,1.00,1.00
2016.03.14 21:31:30.059,1.90527,1.90608,1.00,1.00
2016.03.14 21:31:31.162,1.90525,1.90605,1.00,1.00
2016.03.14 21:31:31.727,1.90526,1.90606,1.00,1.00
2016.03.14 21:31:33.587,1.90517,1.90606,1.00,1.00
2016.03.14 21:31:34.265,1.90517,1.90617,1.00,1.00
2016.03.14 21:31:34.367,1.90518,1.90621,1.00,1.00
2016.03.14 21:31:34.468,1.90518,1.90615,1.50,1.00
2016.03.14 21:31:34.890,1.9052,1.90625,2.25,1.00
2016.03.14 21:31:35.500,1.90521,1.90625,2.25,1.00
2016.03.14 21:31:36.054,1.9052,1.90624,1.00,1.00
2016.03.14 21:31:37.302,1.90518,1.90624,3.00,1.00
2016.03.14 21:31:37.809,1.90527,1.90624,1.00,1.00
2016.03.14 21:31:43.922,1.90527,1.90625,1.00,1.00
2016.03.14 21:31:46.432,1.90527,1.90624,1.00,1.00
2016.03.14 21:31:47.683,1.90535,1.90624,1.00,1.00
2016.03.14 21:31:49.722,1.90535,1.90625,1.00,1.00
2016.03.14 21:31:50.435,1.90535,1.90621,1.00,1.00
2016.03.14 21:31:50.744,1.90535,1.90614,1.00,1.00
2016.03.14 21:31:55.496,1.90523,1.90605,1.00,1.00
2016.03.14 21:31:55.636,1.90513,1.90598,1.00,1.00
2016.03.14 21:31:56.303,1.90513,1.90599,1.00,1.00
2016.03.14 21:32:01.501,1.90514,1.90599,1.00,1.00
2016.03.14 21:32:11.538,1.90513,1.90599,1.00,1.00
2016.03.14 21:32:14.035,1.90513,1.90596,1.00,1.00
2016.03.14 21:32:21.428,1.90513,1.90594,1.00,1.00
2016.03.14 21:32:27.442,1.90513,1.90596,1.00,1.00
2016.03.14 21:32:27.494,1.90513,1.90598,1.00,1.50
2016.03.14 21:32:29.094,1.90513,1.90597,1.00,1.00
2016.03.14 21:32:29.596,1.90513,1.90598,1.00,1.00
2016.03.14 21:32:31.777,1.90513,1.90596,1.00,1.00
2016.03.14 21:32:32.080,1.90512,1.90588,1.00,1.00
2016.03.14 21:32:32.382,1.90512,1.90596,1.00,1.00
2016.03.14 21:32:32.685,1.90506,1.90596,1.00,1.00
2016.03.14 21:32:32.887,1.90506,1.90603,1.00,1.50
2016.03.14 21:32:33.407,1.90506,1.90602,1.00,1.00
2016.03.14 21:32:33.924,1.90506,1.90601,1.00,1.00
2016.03.14 21:32:33.975,1.90506,1.90596,1.00,1.00
2016.03.14 21:32:34.277,1.90506,1.90585,1.00,1.00
2016.03.14 21:32:34.580,1.90506,1.90579,1.00,1.00
2016.03.14 21:32:34.783,1.90506,1.90587,1.00,2.25
2016.03.14 21:32:34.884,1.90506,1.90575,1.00,1.00
2016.03.14 21:32:34.985,1.90506,1.9058,1.00,1.00
2016.03.14 21:32:35.086,1.90506,1.90574,1.00,1.00
2016.03.14 21:32:35.502,1.90506,1.90571,1.00,1.00
2016.03.14 21:32:35.855,1.90506,1.90574,1.00,1.00
2016.03.14 21:32:36.377,1.90506,1.90572,1.00,1.00
2016.03.14 21:32:36.711,1.90506,1.90569,1.00,1.00
2016.03.14 21:32:36.863,1.90502,1.90567,1.00,1.00
2016.03.14 21:32:36.976,1.90502,1.90569,1.00,1.00
2016.03.14 21:32:37.027,1.90502,1.90567,1.00,1.00
2016.03.14 21:32:37.545,1.90502,1.90568,1.00,1.00
2016.03.14 21:32:37.871,1.90502,1.90566,1.00,1.00
2016.03.14 21:32:38.460,1.90502,1.90565,1.00,1.00
2016.03.14 21:32:39.011,1.90502,1.90566,1.00,1.00
2016.03.14 21:32:39.582,1.90502,1.90568,1.00,1.20
2016.03.14 21:32:40.315,1.90502,1.90567,1.00,1.00
2016.03.14 21:32:42.701,1.90502,1.90565,1.00,1.00
2016.03.14 21:32:43.202,1.90502,1.90566,1.00,1.00
2016.03.14 21:32:43.682,1.90502,1.90562,1.00,1.00
2016.03.14 21:32:43.884,1.90502,1.90565,1.00,1.00
2016.03.14 21:32:44.570,1.90502,1.90566,1.00,1.00
2016.03.14 21:32:46.176,1.90502,1.90564,1.00,1.00
2016.03.14 21:32:46.478,1.90502,1.90561,1.00,1.00
2016.03.14 21:32:47.018,1.90501,1.90561,1.00,1.00
2016.03.14 21:32:47.493,1.90501,1.90559,1.00,1.00
2016.03.14 21:32:48.701,1.90501,1.90563,1.00,1.15
2016.03.14 21:32:48.802,1.90501,1.90563,1.00,1.00
2016.03.14 21:32:49.397,1.90501,1.90561,1.00,1.00
2016.03.14 21:32:49.700,1.90501,1.90558,1.00,1.00
2016.03.14 21:32:50.479,1.90501,1.90557,1.00,1.50
2016.03.14 21:32:50.804,1.90502,1.90553,1.00,1.00
2016.03.14 21:32:51.342,1.90502,1.90552,1.00,1.00
2016.03.14 21:32:51.782,1.90502,1.90547,1.00,1.00
2016.03.14 21:32:52.071,1.90501,1.9055,1.00,1.00
2016.03.14 21:32:52.122,1.90501,1.90552,1.00,1.00
2016.03.14 21:32:52.223,1.90501,1.90561,1.00,1.00
2016.03.14 21:32:52.742,1.90501,1.90551,1.00,1.00
2016.03.14 21:32:53.045,1.90502,1.90542,1.00,1.00
2016.03.14 21:32:53.564,1.90502,1.90541,1.00,1.00
2016.03.14 21:32:53.941,1.90499,1.90541,1.00,1.00
2016.03.14 21:32:54.549,1.90499,1.90542,1.00,1.00
2016.03.14 21:32:54.831,1.90498,1.9054,1.00,1.00
2016.03.14 21:32:55.134,1.90498,1.90536,1.00,1.00
2016.03.14 21:32:55.541,1.90498,1.90534,1.00,1.00
2016.03.14 21:32:55.923,1.90498,1.90537,1.00,1.00
2016.03.14 21:32:56.075,1.90498,1.90544,1.00,1.00
2016.03.14 21:32:56.487,1.90498,1.9054,1.00,1.00
2016.03.14 21:32:56.689,1.90499,1.90545,1.00,1.00
2016.03.14 21:32:56.992,1.90498,1.90539,1.00,1.00
2016.03.14 21:32:57.193,1.90498,1.90561,1.00,1.12
2016.03.14 21:32:57.244,1.90498,1.90561,1.00,1.27
2016.03.14 21:32:57.346,1.90498,1.90561,1.00,1.12
2016.03.14 21:32:57.399,1.90498,1.90547,1.00,1.00
2016.03.14 21:32:57.747,1.90498,1.90541,1.00,1.00
2016.03.14 21:32:57.798,1.90498,1.90545,1.00,1.00
2016.03.14 21:32:58.390,1.90497,1.90545,1.00,1.00
2016.03.14 21:32:58.441,1.90497,1.90543,1.00,1.00
2016.03.14 21:32:59.093,1.90487,1.90533,1.00,1.00
2016.03.14 21:32:59.395,1.90484,1.90518,1.00,1.00
2016.03.14 21:32:59.630,1.90484,1.9052,1.00,1.00
2016.03.14 21:33:00.093,1.90484,1.90518,1.00,1.00
2016.03.14 21:33:00.194,1.90484,1.9052,1.00,1.00
2016.03.14 21:33:00.245,1.90484,1.90517,1.00,1.00
2016.03.14 21:33:00.361,1.90484,1.90519,1.00,1.00
2016.03.14 21:33:01.312,1.90469,1.90519,1.00,1.00
2016.03.14 21:33:01.465,1.90469,1.90534,1.00,1.00
2016.03.14 21:33:01.516,1.90476,1.90535,1.00,1.00
2016.03.14 21:33:04.296,1.9048,1.90535,1.00,1.00
2016.03.14 21:33:05.407,1.9048,1.90534,1.00,1.00
2016.03.14 21:33:05.920,1.9048,1.90536,1.00,1.00
2016.03.14 21:33:06.918,1.9048,1.90534,1.00,1.00
2016.03.14 21:33:09.107,1.9048,1.90535,1.00,1.00
2016.03.14 21:33:09.608,1.9048,1.90534,1.00,1.00
2016.03.14 21:33:09.919,1.9048,1.90532,1.00,1.00
2016.03.14 21:33:10.221,1.9048,1.90529,1.00,1.00
2016.03.14 21:33:10.921,1.9048,1.90527,1.00,1.00
2016.03.14 21:33:11.343,1.90471,1.9054,1.00,1.15
2016.03.14 21:33:11.454,1.90444,1.90533,1.87,1.15
2016.03.14 21:33:11.505,1.90431,1.90533,1.51,1.00
2016.03.14 21:33:11.556,1.90432,1.90525,2.06,1.00
2016.03.14 21:33:11.875,1.90432,1.90521,2.06,1.00
2016.03.14 21:33:12.715,1.90432,1.9052,2.06,1.00
2016.03.14 21:33:13.447,1.90432,1.90518,2.06,1.00
2016.03.14 21:33:13.549,1.90422,1.90515,1.00,1.00
2016.03.14 21:33:13.751,1.90421,1.90519,1.00,1.20
2016.03.14 21:33:14.254,1.90422,1.90519,1.00,1.00
2016.03.14 21:33:14.767,1.90421,1.90519,1.00,1.00
2016.03.14 21:33:15.836,1.90421,1.90521,1.00,1.00
2016.03.14 21:33:16.418,1.90422,1.9052,1.00,1.00
2016.03.14 21:33:16.638,1.90422,1.90523,1.00,1.00
2016.03.14 21:33:17.178,1.90422,1.90527,1.00,1.15
2016.03.14 21:33:17.279,1.90411,1.90527,1.12,1.00
2016.03.14 21:33:18.120,1.90418,1.90527,1.00,1.00
2016.03.14 21:33:20.153,1.90435,1.90529,1.00,1.20
2016.03.14 21:33:20.924,1.90435,1.9053,1.00,1.00
2016.03.14 21:33:21.721,1.90435,1.90532,1.00,1.20
2016.03.14 21:33:22.653,1.90446,1.90532,1.00,1.00
2016.03.14 21:33:26.780,1.90446,1.90537,1.00,1.00
2016.03.14 21:33:26.881,1.90446,1.90534,1.00,1.00
2016.03.14 21:33:32.635,1.90454,1.90534,1.00,1.00
2016.03.14 21:33:35.450,1.90454,1.90532,1.00,1.00
2016.03.14 21:33:50.226,1.90454,1.9053,1.00,1.00
2016.03.14 21:33:52.662,1.90457,1.9053,1.00,1.00
2016.03.14 21:33:54.233,1.90457,1.90531,1.00,1.00
2016.03.14 21:34:00.925,1.90457,1.90535,1.00,1.15
2016.03.14 21:34:01.026,1.90457,1.90538,1.00,1.00
2016.03.14 21:34:01.127,1.90457,1.90552,1.00,1.15
2016.03.14 21:34:01.228,1.90457,1.90552,3.37,1.00
2016.03.14 21:34:02.442,1.9046,1.90552,2.62,1.00
2016.03.14 21:34:03.699,1.90462,1.90552,2.62,1.00
2016.03.14 21:34:08.408,1.90464,1.90552,1.50,1.00
2016.03.14 21:34:09.232,1.9047,1.90552,2.62,1.00
2016.03.14 21:34:10.665,1.90468,1.90552,2.62,1.00
2016.03.14 21:34:11.662,1.9047,1.90552,2.25,1.00
2016.03.14 21:34:14.586,1.90469,1.90552,2.25,1.00
2016.03.14 21:34:15.291,1.9047,1.90552,2.25,1.00
2016.03.14 21:34:18.531,1.90469,1.90552,1.00,1.00
2016.03.14 21:34:18.633,1.90467,1.90552,2.62,1.00
2016.03.14 21:34:21.135,1.90463,1.90552,1.37,1.00
2016.03.14 21:34:21.637,1.90466,1.9054,2.62,1.00
2016.03.14 21:34:22.573,1.90467,1.9054,2.25,1.00
2016.03.14 21:34:24.587,1.90462,1.9054,1.37,1.00
2016.03.14 21:34:25.370,1.90462,1.9054,3.37,1.00
2016.03.14 21:34:26.258,1.90462,1.9054,3.37,1.00
2016.03.14 21:34:26.764,1.90467,1.9054,2.62,1.00
2016.03.14 21:34:27.613,1.90467,1.90529,2.62,1.00
2016.03.14 21:34:29.134,1.90465,1.90529,2.62,1.00
2016.03.14 21:34:29.641,1.90468,1.90529,2.62,1.00
2016.03.14 21:34:30.149,1.90468,1.90529,2.62,1.00
2016.03.14 21:34:32.876,1.90467,1.90529,2.62,1.00
2016.03.14 21:34:33.429,1.90467,1.90529,2.62,1.00
2016.03.14 21:34:36.043,1.90462,1.90529,1.52,1.00
2016.03.14 21:34:37.623,1.90467,1.90527,2.62,1.00
2016.03.14 21:34:39.855,1.90467,1.90527,2.62,1.00
2016.03.14 21:34:43.754,1.9046,1.90527,1.52,1.00
2016.03.14 21:34:49.561,1.90462,1.90527,2.62,1.00
2016.03.14 21:34:57.672,1.90465,1.9053,2.62,1.00
2016.03.14 21:34:57.723,1.90458,1.9053,1.37,1.00
2016.03.14 21:34:59.901,1.90465,1.9053,2.62,1.00
2016.03.14 21:35:00.162,1.90468,1.9053,2.25,1.00
2016.03.14 21:35:01.734,1.90467,1.9053,2.25,1.00
2016.03.14 21:35:05.279,1.90467,1.90529,2.25,1.00
2016.03.14 21:35:05.381,1.90457,1.90529,1.00,1.00
2016.03.14 21:35:05.532,1.90453,1.90529,2.25,1.00
2016.03.14 21:35:05.633,1.90449,1.90529,1.87,1.00
2016.03.14 21:35:07.113,1.90457,1.90529,1.00,1.00
2016.03.14 21:35:07.214,1.90454,1.90529,1.00,1.00
2016.03.14 21:35:07.315,1.90447,1.90529,1.00,1.00
2016.03.14 21:35:07.416,1.90445,1.90529,1.00,1.00
2016.03.14 21:35:07.517,1.90456,1.90529,1.00,1.00
2016.03.14 21:35:07.590,1.90445,1.90529,1.00,1.00
2016.03.14 21:35:07.907,1.90453,1.90529,1.00,1.00
2016.03.14 21:35:08.036,1.90445,1.90529,1.00,1.00
2016.03.14 21:35:08.137,1.90453,1.90529,1.00,1.00
2016.03.14 21:35:08.238,1.9045,1.90529,1.00,1.00
2016.03.14 21:35:08.339,1.90445,1.90529,1.00,1.00
2016.03.14 21:35:08.907,1.90465,1.90529,1.00,1.00
2016.03.14 21:35:09.003,1.90457,1.90529,1.00,1.00
2016.03.14 21:35:09.054,1.90467,1.90529,1.00,1.00
2016.03.14 21:35:09.105,1.90463,1.9053,1.15,1.00
2016.03.14 21:35:09.206,1.90466,1.9053,1.00,1.00
2016.03.14 21:35:09.562,1.90463,1.90529,1.00,1.00
2016.03.14 21:35:09.864,1.9046,1.90529,1.00,1.00
2016.03.14 21:35:09.965,1.90458,1.90529,1.00,1.00
2016.03.14 21:35:10.443,1.90463,1.90529,1.00,1.00
2016.03.14 21:35:10.746,1.90471,1.90529,1.15,1.00
2016.03.14 21:35:10.796,1.90471,1.90549,1.00,1.00
2016.03.14 21:35:10.847,1.90467,1.90549,1.00,1.00
2016.03.14 21:35:10.972,1.90469,1.90548,1.00,1.00
2016.03.14 21:35:11.023,1.90466,1.90548,1.15,1.00
2016.03.14 21:35:11.074,1.90459,1.90548,1.00,1.00
2016.03.14 21:35:11.300,1.90468,1.90548,1.00,1.00
2016.03.14 21:35:11.415,1.90466,1.90549,1.20,1.00
2016.03.14 21:35:11.566,1.90462,1.90549,1.00,1.00
2016.03.14 21:35:11.617,1.90467,1.90549,1.00,1.00
2016.03.14 21:35:11.820,1.90465,1.90548,1.00,1.00
2016.03.14 21:35:11.870,1.90466,1.90548,1.15,1.00
2016.03.14 21:35:12.374,1.90466,1.90548,1.00,1.00
2016.03.14 21:35:12.475,1.90459,1.90548,1.20,1.00
2016.03.14 21:35:14.294,1.90458,1.90549,1.00,1.00
2016.03.14 21:35:14.345,1.90464,1.90549,1.00,1.00
2016.03.14 21:35:14.656,1.90466,1.90549,1.50,1.00
2016.03.14 21:35:15.161,1.90466,1.90548,1.00,1.00
2016.03.14 21:35:15.514,1.90462,1.90549,1.15,1.00
2016.03.14 21:35:15.615,1.90466,1.90549,1.00,1.00
2016.03.14 21:35:15.918,1.90468,1.90548,1.00,1.00
2016.03.14 21:35:16.220,1.9046,1.90548,1.00,1.00
2016.03.14 21:35:16.271,1.90458,1.90548,1.50,1.00
2016.03.14 21:35:16.377,1.90468,1.90548,1.00,1.00
2016.03.14 21:35:16.478,1.9047,1.90551,1.00,1.00
2016.03.14 21:35:16.579,1.90461,1.90565,1.27,1.00
2016.03.14 21:35:16.872,1.90478,1.90565,1.50,1.00
2016.03.14 21:35:17.415,1.90481,1.90565,1.00,1.00
2016.03.14 21:35:18.029,1.90482,1.90565,1.00,1.00
2016.03.14 21:35:18.358,1.90485,1.90565,1.50,1.00
2016.03.14 21:35:18.510,1.90483,1.90565,1.00,1.00
2016.03.14 21:35:20.175,1.90482,1.90565,1.00,1.00
2016.03.14 21:35:20.514,1.90485,1.90565,1.00,1.00
2016.03.14 21:35:21.315,1.90486,1.90565,1.00,1.00
2016.03.14 21:35:22.003,1.90485,1.90565,1.00,1.00
2016.03.14 21:35:22.554,1.90486,1.90565,1.00,1.00
2016.03.14 21:35:22.604,1.90484,1.90565,1.00,1.00
2016.03.14 21:35:22.655,1.90486,1.90565,1.00,1.00
2016.03.14 21:35:23.122,1.90483,1.90565,1.00,1.00
2016.03.14 21:35:24.524,1.90486,1.90565,1.00,1.00
2016.03.14 21:35:26.038,1.90474,1.90565,1.37,1.00
2016.03.14 21:35:34.555,1.90474,1.90565,1.37,1.00
2016.03.14 21:35:34.664,1.90474,1.90563,1.00,1.00
2016.03.14 21:35:34.715,1.90461,1.9056,2.62,1.00
2016.03.14 21:35:36.140,1.90457,1.9056,1.37,1.50
2016.03.14 21:35:36.842,1.9046,1.90559,1.12,1.00
2016.03.14 21:35:37.515,1.90461,1.90558,1.00,1.00
2016.03.14 21:35:38.276,1.90462,1.90558,1.00,1.00
2016.03.14 21:35:38.619,1.90462,1.90554,1.00,1.00
2016.03.14 21:35:38.987,1.90465,1.90554,1.00,1.00
2016.03.14 21:35:39.496,1.90467,1.90554,1.00,1.00
2016.03.14 21:35:40.152,1.90466,1.90554,1.00,1.00
2016.03.14 21:35:40.253,1.90462,1.90554,1.00,1.00
2016.03.14 21:35:41.257,1.90463,1.90554,1.00,1.00
2016.03.14 21:35:43.950,1.90462,1.90554,1.50,1.00
2016.03.14 21:35:44.726,1.90463,1.90554,1.00,1.00
2016.03.14 21:35:46.204,1.90462,1.90554,1.50,1.00
2016.03.14 21:35:46.754,1.90473,1.90554,1.00,1.00
2016.03.14 21:35:46.855,1.90469,1.90559,1.00,1.00
2016.03.14 21:35:46.906,1.90473,1.90559,1.00,1.00
2016.03.14 21:35:46.957,1.90469,1.90561,1.50,1.00
2016.03.14 21:35:47.456,1.90466,1.90561,1.00,1.00
2016.03.14 21:35:47.507,1.90469,1.90561,1.00,1.00
2016.03.14 21:35:47.558,1.90465,1.90561,1.00,1.00
2016.03.14 21:35:47.750,1.90468,1.90561,1.00,1.00
2016.03.14 21:35:47.801,1.90462,1.90561,1.00,1.00
2016.03.14 21:35:47.902,1.90465,1.90561,1.00,1.00
2016.03.14 21:35:48.104,1.90456,1.90561,1.65,1.00
2016.03.14 21:35:48.386,1.90467,1.90561,1.00,1.00
2016.03.14 21:35:48.537,1.90468,1.90564,1.00,1.00
2016.03.14 21:35:48.588,1.90461,1.90564,2.62,1.00
2016.03.14 21:35:48.790,1.90467,1.90565,1.00,1.00
2016.03.14 21:35:49.093,1.90466,1.90558,1.12,1.00
2016.03.14 21:35:49.144,1.90459,1.90558,1.12,1.00
2016.03.14 21:35:49.297,1.90466,1.90564,1.00,1.00
2016.03.14 21:35:49.600,1.90466,1.90562,1.00,1.00
2016.03.14 21:35:49.790,1.90458,1.90557,3.37,1.00
2016.03.14 21:35:50.091,1.90458,1.90557,3.00,1.00
2016.03.14 21:35:50.392,1.90461,1.90559,1.00,1.00
2016.03.14 21:35:50.718,1.90471,1.90559,1.00,1.00
2016.03.14 21:35:51.048,1.90471,1.90556,1.00,1.00
2016.03.14 21:35:51.695,1.90471,1.90557,1.00,1.50
2016.03.14 21:35:52.890,1.90471,1.90556,1.50,1.00
2016.03.14 21:35:53.213,1.90483,1.90556,1.00,1.00
2016.03.14 21:35:54.903,1.90483,1.90557,1.00,1.00
2016.03.14 21:35:55.004,1.90482,1.9056,1.00,1.50
2016.03.14 21:35:55.386,1.90482,1.90558,1.00,1.00
2016.03.14 21:35:55.888,1.90482,1.90557,1.00,1.00
2016.03.14 21:35:56.407,1.90483,1.90556,1.00,1.00
2016.03.14 21:35:57.023,1.90483,1.90557,1.00,1.00
2016.03.14 21:35:57.554,1.90482,1.90557,1.00,1.00
2016.03.14 21:35:57.605,1.90482,1.90561,1.00,1.00
2016.03.14 21:35:57.807,1.90483,1.90559,1.00,1.00
2016.03.14 21:35:58.370,1.90482,1.90558,1.00,1.00
2016.03.14 21:35:59.219,1.90482,1.90557,1.00,1.00
2016.03.14 21:35:59.976,1.90483,1.90541,1.00,1.00
2016.03.14 21:36:00.300,1.90483,1.90535,1.00,1.00
2016.03.14 21:36:01.486,1.90483,1.90532,1.00,1.00
2016.03.14 21:36:01.588,1.90473,1.90523,1.00,1.00
2016.03.14 21:36:01.689,1.90471,1.90528,1.00,1.00
2016.03.14 21:36:01.740,1.9045,1.90528,1.12,1.00
2016.03.14 21:36:01.791,1.90439,1.90531,1.00,1.00
2016.03.14 21:36:01.842,1.90439,1.90535,1.00,1.50
2016.03.14 21:36:02.195,1.90442,1.90534,1.00,1.00
2016.03.14 21:36:02.298,1.9044,1.90535,1.00,1.50
2016.03.14 21:36:02.701,1.90441,1.90537,1.00,1.20
2016.03.14 21:36:02.802,1.90439,1.90536,1.00,1.00
2016.03.14 21:36:03.105,1.9044,1.90538,1.00,1.00
2016.03.14 21:36:03.206,1.90444,1.9054,1.00,1.00
2016.03.14 21:36:03.578,1.9044,1.90539,1.50,1.00
2016.03.14 21:36:03.729,1.90442,1.90538,1.00,1.00
2016.03.14 21:36:03.780,1.90443,1.9054,1.00,1.00
2016.03.14 21:36:03.831,1.90443,1.90538,1.00,1.00
2016.03.14 21:36:03.881,1.9044,1.90538,1.00,1.00
2016.03.14 21:36:03.932,1.90442,1.9054,1.00,1.50
2016.03.14 21:36:04.079,1.9044,1.9054,1.00,1.00
2016.03.14 21:36:04.360,1.90443,1.90541,1.00,1.50
2016.03.14 21:36:04.461,1.90439,1.90541,1.00,1.00
2016.03.14 21:36:04.511,1.90439,1.90539,1.00,1.00
2016.03.14 21:36:05.010,1.9044,1.90534,1.00,1.00
2016.03.14 21:36:05.080,1.9044,1.90537,1.00,1.00
2016.03.14 21:36:05.130,1.9044,1.90534,1.00,1.00
2016.03.14 21:36:05.231,1.9044,1.90536,1.50,1.00
2016.03.14 21:36:05.333,1.9044,1.90538,2.25,1.50
2016.03.14 21:36:05.850,1.90439,1.90538,1.00,1.00
2016.03.14 21:36:06.898,1.90442,1.90538,1.00,1.00
2016.03.14 21:36:06.999,1.9044,1.90538,1.00,1.00
2016.03.14 21:36:07.049,1.90443,1.90538,1.00,1.00
2016.03.14 21:36:07.402,1.9044,1.90538,1.50,1.50
2016.03.14 21:36:07.453,1.90443,1.90538,1.00,1.00
2016.03.14 21:36:07.554,1.90441,1.90538,1.00,1.50
2016.03.14 21:36:08.754,1.90439,1.90538,1.00,1.00
