2018.04.13 20:00:00.161,1.83361,1.83389,1.00,1.25
2018.04.13 20:00:00.257,1.83363,1.83393,1.00,1.50
2018.04.13 20:00:00.720,1.83365,1.83397,1.00,1.00
2018.04.13 20:00:00.877,1.83365,1.83397,1.38,1.00
2018.04.13 20:00:01.081,1.83365,1.83396,1.25,1.25
2018.04.13 20:00:01.235,1.83361,1.83397,1.88,1.25
2018.04.13 20:00:01.421,1.83361,1.83397,1.88,1.38
2018.04.13 20:00:01.472,1.83364,1.83396,1.38,1.44
2018.04.13 20:00:01.801,1.83373,1.83397,1.00,1.25
2018.04.13 20:00:02.006,1.83367,1.83399,1.44,1.63
2018.04.13 20:00:02.367,1.8337,1.83399,1.00,1.31
2018.04.13 20:00:02.469,1.83367,1.834,1.25,1.63
2018.04.13 20:00:02.622,1.83367,1.834,1.00,1.63
2018.04.13 20:00:02.674,1.83367,1.83399,1.25,1.44
2018.04.13 20:00:02.826,1.83367,1.83399,1.25,1.38
2018.04.13 20:00:03.384,1.83367,1.834,1.19,1.38
2018.04.13 20:00:03.901,1.83367,1.834,1.25,1.38
2018.04.13 20:00:04.481,1.83368,1.83399,1.25,1.38
2018.04.13 20:00:04.809,1.83366,1.83399,1.00,2.63
2018.04.13 20:00:04.861,1.83366,1.83399,1.00,1.38
2018.04.13 20:00:05.069,1.83366,1.83399,1.00,1.38
2018.04.13 20:00:05.471,1.83366,1.83399,1.00,1.38
2018.04.13 20:00:05.676,1.83363,1.834,1.69,1.38
2018.04.13 20:00:05.728,1.83368,1.83399,1.00,1.38
2018.04.13 20:00:05.829,1.83362,1.83401,2.06,2.06
2018.04.13 20:00:05.880,1.83367,1.83399,1.00,1.38
2018.04.13 20:00:05.982,1.83363,1.83397,1.00,1.38
2018.04.13 20:00:06.033,1.83365,1.83397,1.00,1.88
2018.04.13 20:00:06.135,1.83363,1.83397,1.25,1.38
2018.04.13 20:00:06.648,1.83364,1.83397,1.00,1.88
2018.04.13 20:00:07.365,1.83364,1.83397,1.00,1.88
2018.04.13 20:00:07.867,1.83364,1.83397,1.00,1.88
2018.04.13 20:00:08.272,1.83364,1.83397,1.00,2.06
2018.04.13 20:00:08.974,1.83364,1.83395,1.00,1.38
2018.04.13 20:00:09.502,1.83362,1.83396,1.25,1.38
2018.04.13 20:00:09.553,1.83366,1.83396,1.00,1.38
2018.04.13 20:00:10.101,1.83361,1.83396,1.44,1.38
2018.04.13 20:00:10.152,1.83367,1.83396,1.00,1.38
2018.04.13 20:00:10.430,1.83361,1.83396,1.44,1.38
2018.04.13 20:00:10.481,1.83366,1.83396,1.00,1.38
2018.04.13 20:00:10.803,1.83361,1.83396,1.81,1.00
2018.04.13 20:00:10.854,1.83366,1.83396,1.25,1.25
2018.04.13 20:00:11.168,1.83369,1.83399,1.00,1.37
2018.04.13 20:00:11.720,1.83366,1.83399,1.00,1.37
2018.04.13 20:00:11.771,1.8337,1.83399,1.00,1.37
2018.04.13 20:00:12.272,1.8337,1.83397,1.00,1.37
2018.04.13 20:00:12.785,1.83365,1.83397,1.25,1.37
2018.04.13 20:00:12.887,1.83371,1.83397,1.00,1.37
2018.04.13 20:00:12.938,1.83366,1.83398,1.00,1.37
2018.04.13 20:00:12.990,1.83368,1.83398,1.00,1.37
2018.04.13 20:00:13.041,1.83368,1.83398,1.00,1.00
2018.04.13 20:00:13.533,1.83368,1.83396,1.00,1.00
2018.04.13 20:00:13.792,1.83364,1.83396,1.63,1.00
2018.04.13 20:00:13.844,1.83368,1.83397,1.00,1.44
2018.04.13 20:00:13.895,1.83364,1.83397,1.31,1.44
2018.04.13 20:00:14.049,1.83367,1.83397,1.00,1.38
2018.04.13 20:00:14.359,1.83369,1.83396,1.00,1.38
2018.04.13 20:00:15.131,1.83369,1.83396,1.00,1.38
2018.04.13 20:00:15.314,1.83363,1.83396,2.63,1.38
2018.04.13 20:00:15.450,1.83363,1.83385,3.19,1.00
2018.04.13 20:00:15.792,1.83369,1.83385,1.00,1.00
2018.04.13 20:00:15.895,1.83363,1.83385,3.19,1.00
2018.04.13 20:00:15.998,1.83367,1.83385,1.00,1.00
2018.04.13 20:00:16.549,1.83369,1.83384,1.00,1.00
2018.04.13 20:00:17.239,1.83369,1.83385,1.00,1.00
2018.04.13 20:00:18.374,1.83368,1.83385,1.00,1.00
2018.04.13 20:00:18.675,1.83363,1.83385,1.38,1.00
2018.04.13 20:00:18.928,1.83367,1.83385,1.00,1.00
2018.04.13 20:00:19.224,1.83362,1.83385,2.44,1.00
2018.04.13 20:00:19.439,1.83368,1.83384,1.00,1.00
2018.04.13 20:00:20.353,1.83363,1.83384,1.38,1.00
2018.04.13 20:00:20.534,1.83369,1.83384,1.00,1.00
2018.04.13 20:00:20.586,1.83363,1.83384,1.38,1.00
2018.04.13 20:00:20.638,1.83368,1.83384,1.00,1.00
2018.04.13 20:00:20.690,1.83363,1.83385,1.00,1.00
2018.04.13 20:00:20.793,1.83369,1.83385,1.00,1.00
2018.04.13 20:00:21.131,1.83361,1.83384,1.63,1.00
2018.04.13 20:00:21.183,1.83367,1.83389,1.00,1.00
2018.04.13 20:00:21.742,1.83368,1.8339,1.00,1.00
2018.04.13 20:00:22.679,1.83368,1.83389,1.00,1.00
2018.04.13 20:00:24.174,1.83362,1.8339,2.63,1.00
2018.04.13 20:00:24.485,1.83374,1.83397,1.00,1.00
2018.04.13 20:00:24.537,1.83375,1.83397,1.38,1.00
2018.04.13 20:00:24.588,1.83371,1.83402,1.75,1.00
2018.04.13 20:00:24.895,1.83374,1.83403,1.13,1.00
2018.04.13 20:00:24.947,1.83383,1.83403,1.00,1.00
2018.04.13 20:00:24.998,1.83374,1.83403,1.13,1.00
2018.04.13 20:00:25.100,1.83382,1.83403,1.00,1.00
2018.04.13 20:00:25.463,1.83377,1.83403,1.31,1.00
2018.04.13 20:00:26.030,1.83377,1.83402,1.12,1.00
2018.04.13 20:00:26.595,1.83377,1.83402,1.44,1.00
2018.04.13 20:00:26.945,1.83375,1.83396,1.50,1.00
2018.04.13 20:00:27.455,1.83381,1.83397,1.00,1.00
2018.04.13 20:00:27.776,1.83384,1.83402,1.00,1.00
2018.04.13 20:00:28.084,1.83384,1.83404,1.00,1.00
2018.04.13 20:00:28.237,1.8338,1.83404,1.75,1.00
2018.04.13 20:00:28.366,1.83386,1.83404,1.00,1.00
2018.04.13 20:00:28.867,1.83386,1.83403,1.00,1.00
2018.04.13 20:00:29.563,1.83386,1.83406,1.25,1.00
2018.04.13 20:00:29.615,1.83389,1.83406,1.00,1.00
2018.04.13 20:00:29.745,1.83382,1.83406,1.38,1.00
2018.04.13 20:00:29.948,1.83382,1.83405,1.25,1.00
2018.04.13 20:00:30.082,1.83386,1.83405,1.00,1.00
2018.04.13 20:00:30.184,1.83381,1.83407,1.56,1.00
2018.04.13 20:00:30.236,1.83387,1.83407,1.00,1.00
2018.04.13 20:00:30.287,1.83381,1.83407,1.63,1.00
2018.04.13 20:00:30.389,1.83387,1.83407,1.00,1.00
2018.04.13 20:00:30.440,1.83381,1.83407,2.44,1.00
2018.04.13 20:00:30.570,1.83386,1.83407,1.00,1.00
2018.04.13 20:00:30.971,1.83382,1.83405,1.63,1.00
2018.04.13 20:00:31.288,1.83387,1.83405,1.00,1.00
2018.04.13 20:00:31.340,1.83382,1.83405,1.25,1.00
2018.04.13 20:00:31.493,1.83387,1.83406,1.00,1.00
2018.04.13 20:00:31.551,1.83383,1.83406,1.00,1.00
2018.04.13 20:00:31.602,1.83387,1.83406,1.00,1.00
2018.04.13 20:00:31.711,1.83383,1.83406,1.25,1.00
2018.04.13 20:00:32.323,1.83383,1.83405,1.25,1.00
2018.04.13 20:00:32.376,1.83385,1.83405,1.00,1.00
2018.04.13 20:00:32.477,1.83382,1.83405,1.38,1.00
2018.04.13 20:00:32.574,1.83386,1.83405,1.00,1.00
2018.04.13 20:00:33.122,1.83387,1.83405,1.00,1.00
2018.04.13 20:00:33.961,1.83384,1.83406,1.13,1.00
2018.04.13 20:00:34.199,1.83387,1.83406,1.00,1.00
2018.04.13 20:00:34.394,1.83385,1.83406,1.00,1.00
2018.04.13 20:00:34.570,1.83382,1.83406,2.63,1.00
2018.04.13 20:00:34.990,1.83385,1.83406,1.00,1.00
2018.04.13 20:00:35.177,1.83381,1.83405,2.81,1.00
2018.04.13 20:00:35.629,1.83385,1.83404,1.00,1.00
2018.04.13 20:00:35.731,1.83382,1.83404,1.31,1.00
2018.04.13 20:00:35.840,1.83386,1.83404,1.00,1.00
2018.04.13 20:00:36.157,1.83382,1.83404,1.25,1.00
2018.04.13 20:00:36.209,1.83384,1.83404,1.00,1.00
2018.04.13 20:00:36.539,1.83381,1.83407,1.69,1.00
2018.04.13 20:00:36.590,1.83385,1.83407,1.00,1.00
2018.04.13 20:00:37.000,1.83385,1.83405,1.00,1.00
2018.04.13 20:00:37.539,1.83385,1.83407,1.00,1.00
2018.04.13 20:00:38.771,1.83385,1.83406,1.00,1.00
2018.04.13 20:00:39.312,1.83385,1.83407,1.00,1.00
2018.04.13 20:00:39.415,1.83381,1.83407,3.38,1.00
2018.04.13 20:00:40.035,1.83381,1.83408,3.56,1.00
2018.04.13 20:00:40.544,1.83381,1.83409,2.06,1.00
2018.04.13 20:00:41.230,1.83381,1.83409,3.56,1.00
2018.04.13 20:00:41.743,1.83381,1.83408,1.88,1.00
2018.04.13 20:00:42.443,1.83381,1.83408,1.88,1.00
2018.04.13 20:00:42.580,1.83384,1.83408,1.00,1.00
2018.04.13 20:00:42.959,1.83381,1.83408,1.44,1.00
2018.04.13 20:00:43.010,1.83384,1.83408,1.00,1.00
2018.04.13 20:00:43.584,1.83381,1.83407,1.38,1.00
2018.04.13 20:00:44.171,1.83384,1.83407,1.00,1.00
2018.04.13 20:00:44.454,1.83381,1.83407,2.63,1.00
2018.04.13 20:00:44.559,1.83384,1.83407,1.00,1.00
2018.04.13 20:00:44.612,1.83384,1.83409,1.00,1.00
2018.04.13 20:00:45.026,1.83381,1.83409,3.38,1.00
2018.04.13 20:00:45.077,1.83384,1.83409,1.00,1.00
2018.04.13 20:00:45.128,1.83381,1.83409,3.38,1.00
2018.04.13 20:00:45.305,1.83384,1.83409,1.00,1.00
2018.04.13 20:00:45.566,1.83381,1.83408,2.63,1.00
2018.04.13 20:00:45.922,1.83384,1.83408,1.00,1.00
2018.04.13 20:00:46.490,1.83384,1.83409,1.00,1.00
2018.04.13 20:00:47.005,1.83381,1.83408,1.88,1.00
2018.04.13 20:00:47.153,1.83385,1.83408,1.00,1.00
2018.04.13 20:00:47.205,1.83382,1.83408,1.25,1.00
2018.04.13 20:00:47.365,1.83385,1.83408,1.00,1.00
2018.04.13 20:00:47.467,1.83382,1.83408,1.25,1.00
2018.04.13 20:00:47.519,1.83385,1.83408,1.00,1.00
2018.04.13 20:00:47.956,1.83381,1.83408,3.00,1.00
2018.04.13 20:00:48.007,1.83385,1.83408,1.00,1.00
2018.04.13 20:00:48.058,1.83381,1.83408,3.00,1.00
2018.04.13 20:00:48.109,1.83384,1.83408,1.00,1.00
2018.04.13 20:00:48.160,1.83384,1.8341,1.00,1.00
2018.04.13 20:00:48.415,1.83382,1.8341,1.13,1.00
2018.04.13 20:00:48.533,1.83381,1.83408,2.06,1.00
2018.04.13 20:00:48.840,1.83383,1.83408,1.00,1.00
2018.04.13 20:00:49.197,1.83385,1.83408,1.00,1.00
2018.04.13 20:00:49.627,1.83387,1.83409,1.00,1.00
2018.04.13 20:00:49.786,1.83383,1.83409,2.44,1.00
2018.04.13 20:00:49.888,1.83388,1.83409,1.00,1.00
2018.04.13 20:00:50.042,1.83384,1.83409,1.31,1.00
2018.04.13 20:00:50.093,1.83388,1.83409,1.00,1.00
2018.04.13 20:00:50.299,1.83385,1.83409,1.50,1.00
2018.04.13 20:00:50.351,1.83387,1.83409,1.00,1.00
2018.04.13 20:00:50.402,1.83385,1.8341,1.50,1.00
2018.04.13 20:00:50.454,1.83388,1.8341,1.00,1.00
2018.04.13 20:00:50.968,1.83385,1.83409,2.44,1.00
2018.04.13 20:00:51.486,1.83388,1.83409,1.00,1.00
2018.04.13 20:00:51.659,1.83384,1.83409,2.44,1.00
2018.04.13 20:00:51.863,1.83388,1.83409,1.00,1.00
2018.04.13 20:00:52.080,1.83384,1.83409,2.44,1.00
2018.04.13 20:00:52.237,1.83388,1.83409,1.00,1.00
2018.04.13 20:00:52.518,1.83384,1.83409,2.44,1.00
2018.04.13 20:00:52.570,1.83388,1.83409,1.00,1.00
2018.04.13 20:00:52.739,1.83384,1.83409,1.88,1.00
2018.04.13 20:00:52.840,1.83387,1.83409,1.00,1.00
2018.04.13 20:00:53.145,1.83385,1.83411,2.06,1.00
2018.04.13 20:00:53.196,1.83389,1.83411,1.00,1.00
2018.04.13 20:00:53.398,1.83386,1.83413,1.00,1.00
2018.04.13 20:00:53.450,1.83388,1.83413,1.00,1.00
2018.04.13 20:00:53.956,1.83386,1.83413,2.81,1.00
2018.04.13 20:00:54.008,1.8339,1.83413,1.00,1.00
2018.04.13 20:00:54.059,1.83387,1.83413,1.00,1.00
2018.04.13 20:00:54.111,1.83391,1.83413,1.00,1.00
2018.04.13 20:00:54.332,1.83386,1.83413,3.00,1.00
2018.04.13 20:00:54.485,1.8339,1.83413,1.00,1.00
2018.04.13 20:00:54.801,1.83387,1.83414,1.00,1.00
2018.04.13 20:00:54.852,1.8339,1.83414,1.00,1.00
2018.04.13 20:00:54.966,1.83386,1.83414,3.00,1.00
2018.04.13 20:00:55.017,1.8339,1.83414,1.00,1.00
2018.04.13 20:00:55.068,1.83387,1.83414,1.50,1.00
2018.04.13 20:00:55.119,1.8339,1.83414,1.00,1.00
2018.04.13 20:00:55.285,1.83387,1.83414,1.50,1.00
2018.04.13 20:00:55.697,1.83391,1.83413,1.00,1.00
2018.04.13 20:00:55.799,1.83391,1.83415,1.00,1.25
2018.04.13 20:00:56.031,1.83387,1.83415,2.25,1.25
2018.04.13 20:00:56.082,1.83391,1.83415,1.00,1.25
2018.04.13 20:00:56.501,1.83388,1.83414,1.69,1.00
2018.04.13 20:00:56.874,1.83391,1.83414,1.00,1.00
2018.04.13 20:00:57.078,1.83389,1.83414,1.00,1.00
2018.04.13 20:00:58.374,1.83391,1.83414,1.00,1.00
2018.04.13 20:00:58.484,1.83386,1.83414,2.44,1.00
2018.04.13 20:00:58.853,1.83387,1.83414,1.00,1.00
2018.04.13 20:00:58.905,1.83386,1.83411,1.00,1.00
2018.04.13 20:00:58.957,1.83382,1.83411,1.38,1.00
2018.04.13 20:00:59.009,1.83388,1.83411,1.00,1.00
2018.04.13 20:00:59.061,1.83382,1.83411,1.13,1.00
2018.04.13 20:00:59.113,1.83385,1.83411,1.00,1.50
2018.04.13 20:00:59.418,1.83383,1.83406,1.00,1.00
2018.04.13 20:00:59.940,1.83382,1.83407,1.44,1.00
2018.04.13 20:01:00.260,1.83382,1.83405,1.44,1.00
2018.04.13 20:01:00.481,1.83382,1.83407,1.25,1.00
2018.04.13 20:01:00.942,1.83382,1.83409,1.25,1.00
2018.04.13 20:01:01.535,1.83382,1.83409,1.44,1.00
2018.04.13 20:01:02.132,1.83382,1.83409,1.25,1.00
2018.04.13 20:01:02.747,1.83382,1.8341,1.25,1.00
2018.04.13 20:01:03.271,1.83382,1.8341,1.44,1.00
2018.04.13 20:01:03.749,1.83382,1.83408,1.44,1.00
2018.04.13 20:01:04.310,1.83382,1.83408,1.25,1.00
2018.04.13 20:01:04.840,1.83382,1.83408,1.44,1.00
2018.04.13 20:01:05.460,1.83382,1.83408,1.25,1.00
2018.04.13 20:01:06.036,1.83383,1.83408,1.25,1.00
2018.04.13 20:01:06.370,1.83388,1.83411,1.25,1.00
2018.04.13 20:01:06.697,1.83392,1.83415,1.00,1.00
2018.04.13 20:01:07.782,1.83393,1.83417,1.00,1.00
2018.04.13 20:01:08.065,1.83391,1.83417,1.50,1.00
2018.04.13 20:01:08.116,1.83394,1.83417,1.00,1.00
2018.04.13 20:01:08.239,1.83391,1.83417,1.13,1.00
2018.04.13 20:01:08.290,1.83395,1.83417,1.00,1.00
2018.04.13 20:01:08.342,1.83392,1.83416,1.13,1.00
2018.04.13 20:01:08.650,1.83393,1.83418,1.00,1.00
2018.04.13 20:01:09.025,1.83395,1.83418,1.00,1.00
2018.04.13 20:01:09.535,1.83396,1.83418,1.00,1.00
2018.04.13 20:01:09.638,1.83394,1.83418,1.00,1.00
2018.04.13 20:01:09.689,1.83396,1.83418,1.00,1.00
2018.04.13 20:01:09.872,1.83395,1.8342,1.00,1.00
2018.04.13 20:01:10.417,1.83395,1.83419,1.00,1.00
2018.04.13 20:01:10.737,1.83395,1.83422,1.44,1.00
2018.04.13 20:01:11.285,1.83395,1.83421,1.44,1.00
2018.04.13 20:01:11.336,1.83395,1.83423,1.38,1.00
2018.04.13 20:01:11.439,1.83395,1.83423,1.00,1.00
2018.04.13 20:01:11.670,1.83395,1.83421,1.00,1.00
2018.04.13 20:01:12.734,1.83395,1.83418,1.00,1.00
2018.04.13 20:01:13.118,1.83391,1.83418,1.25,1.00
2018.04.13 20:01:13.170,1.83388,1.83416,1.75,1.00
2018.04.13 20:01:13.721,1.83392,1.83416,1.00,1.00
2018.04.13 20:01:14.282,1.83392,1.83415,1.00,1.00
2018.04.13 20:01:14.384,1.83392,1.83417,1.00,1.00
2018.04.13 20:01:15.533,1.83392,1.83416,1.00,1.00
2018.04.13 20:01:15.829,1.83392,1.83414,1.00,1.00
2018.04.13 20:01:16.379,1.83392,1.83413,1.00,1.00
2018.04.13 20:01:16.638,1.83389,1.83413,1.44,1.00
2018.04.13 20:01:17.248,1.83389,1.83414,1.44,1.00
2018.04.13 20:01:17.843,1.83389,1.83412,1.44,1.00
2018.04.13 20:01:18.456,1.83389,1.83411,1.00,1.00
2018.04.13 20:01:19.290,1.83388,1.83411,1.25,1.00
2018.04.13 20:01:19.596,1.83388,1.83412,1.63,1.00
2018.04.13 20:01:20.129,1.83387,1.83411,1.38,1.00
2018.04.13 20:01:20.633,1.83387,1.83412,1.19,1.00
2018.04.13 20:01:20.684,1.83387,1.83412,1.00,1.00
2018.04.13 20:01:20.736,1.83383,1.83407,1.00,1.00
2018.04.13 20:01:20.991,1.83384,1.83409,1.00,1.00
2018.04.13 20:01:21.093,1.8338,1.83408,1.63,1.00
2018.04.13 20:01:21.529,1.8338,1.83409,1.38,1.00
2018.04.13 20:01:21.867,1.8338,1.83407,1.63,1.00
2018.04.13 20:01:22.407,1.8338,1.83408,1.38,1.00
2018.04.13 20:01:22.963,1.8338,1.83408,1.38,1.00
2018.04.13 20:01:23.467,1.8338,1.83408,1.38,1.00
2018.04.13 20:01:23.980,1.8338,1.83409,1.38,1.00
2018.04.13 20:01:24.506,1.8338,1.8341,1.38,1.00
2018.04.13 20:01:25.262,1.8338,1.83411,1.38,1.00
2018.04.13 20:01:25.774,1.8338,1.83412,1.38,1.00
2018.04.13 20:01:26.434,1.8338,1.83412,1.38,1.00
2018.04.13 20:01:26.765,1.8338,1.83412,1.38,1.00
2018.04.13 20:01:27.633,1.8338,1.83412,1.38,1.00
2018.04.13 20:01:28.185,1.8338,1.83412,1.38,1.00
2018.04.13 20:01:29.457,1.8338,1.83412,1.38,1.00
2018.04.13 20:01:29.982,1.83383,1.83411,1.38,1.00
2018.04.13 20:01:30.524,1.83383,1.83411,1.38,1.00
2018.04.13 20:01:31.038,1.83384,1.83411,1.25,1.00
2018.04.13 20:01:31.751,1.83379,1.83411,1.75,1.00
2018.04.13 20:01:32.073,1.83384,1.83413,1.50,1.00
2018.04.13 20:01:32.584,1.83388,1.83414,1.00,1.00
2018.04.13 20:01:33.331,1.83388,1.83416,1.00,2.25
2018.04.13 20:01:33.956,1.83388,1.83415,1.25,1.00
2018.04.13 20:01:34.235,1.83388,1.83413,1.00,1.00
2018.04.13 20:01:36.580,1.83394,1.83419,1.00,1.00
2018.04.13 20:01:36.889,1.83397,1.83424,1.00,1.38
2018.04.13 20:01:36.941,1.83395,1.83424,1.00,1.38
2018.04.13 20:01:37.043,1.83399,1.83424,1.00,1.38
2018.04.13 20:01:37.197,1.834,1.83426,1.00,1.00
2018.04.13 20:01:37.389,1.83396,1.83426,1.00,1.44
2018.04.13 20:01:37.441,1.83399,1.83426,1.00,1.44
2018.04.13 20:01:37.683,1.83396,1.83426,1.00,1.38
2018.04.13 20:01:37.939,1.83396,1.83426,1.00,1.00
2018.04.13 20:01:38.262,1.83396,1.83426,1.00,1.38
2018.04.13 20:01:38.481,1.83396,1.83426,1.00,1.50
2018.04.13 20:01:38.583,1.83396,1.83426,1.00,1.88
2018.04.13 20:01:39.121,1.83396,1.83426,1.00,1.38
2018.04.13 20:01:39.629,1.83396,1.83416,1.00,1.00
2018.04.13 20:01:40.432,1.83396,1.83417,1.00,1.00
2018.04.13 20:01:40.977,1.83396,1.83421,1.00,1.00
2018.04.13 20:01:41.476,1.83396,1.83424,1.00,1.00
2018.04.13 20:01:41.994,1.83396,1.83425,1.00,1.38
2018.04.13 20:01:42.713,1.83396,1.83425,1.00,1.50
2018.04.13 20:01:42.764,1.83392,1.83426,1.25,2.63
2018.04.13 20:01:42.815,1.83395,1.83422,1.00,1.38
2018.04.13 20:01:42.975,1.83392,1.83419,1.13,1.38
2018.04.13 20:01:43.026,1.83392,1.83419,1.13,1.00
2018.04.13 20:01:43.494,1.83393,1.83418,1.00,1.44
2018.04.13 20:01:43.976,1.83393,1.83419,1.00,1.00
2018.04.13 20:01:44.231,1.83393,1.83419,1.00,1.38
2018.04.13 20:01:44.796,1.83393,1.83419,1.00,1.38
2018.04.13 20:01:45.334,1.83393,1.83419,1.00,1.38
2018.04.13 20:01:45.841,1.83394,1.83419,1.00,1.38
2018.04.13 20:01:46.455,1.83394,1.83419,1.00,1.38
2018.04.13 20:01:46.758,1.83394,1.83419,1.00,1.00
2018.04.13 20:01:46.919,1.83394,1.83418,1.00,1.44
2018.04.13 20:01:47.054,1.83391,1.83418,1.50,1.44
2018.04.13 20:01:47.105,1.83393,1.83418,1.00,1.44
2018.04.13 20:01:47.818,1.83393,1.8342,1.00,1.38
2018.04.13 20:01:48.171,1.83391,1.83417,1.13,1.25
2018.04.13 20:01:48.267,1.83393,1.83417,1.00,1.25
2018.04.13 20:01:48.319,1.83391,1.83417,1.00,1.00
2018.04.13 20:01:48.371,1.83393,1.83417,1.00,1.25
2018.04.13 20:01:48.932,1.83394,1.83422,1.00,1.56
2018.04.13 20:01:49.267,1.83391,1.83424,1.44,1.38
2018.04.13 20:01:49.317,1.83394,1.83422,1.00,1.38
2018.04.13 20:01:49.825,1.83391,1.83421,1.00,1.38
2018.04.13 20:01:49.876,1.83393,1.83421,1.00,1.38
2018.04.13 20:01:50.408,1.83392,1.83424,1.00,1.38
2018.04.13 20:01:50.750,1.83394,1.83422,1.00,1.38
2018.04.13 20:01:50.920,1.83392,1.83424,1.00,1.56
2018.04.13 20:01:50.971,1.83394,1.83422,1.00,1.56
2018.04.13 20:01:51.268,1.83391,1.83424,1.19,1.38
2018.04.13 20:01:51.320,1.83394,1.83422,1.00,1.38
2018.04.13 20:01:51.841,1.83393,1.83424,1.00,1.38
2018.04.13 20:01:51.892,1.83391,1.83424,1.00,1.56
2018.04.13 20:01:51.943,1.83394,1.83422,1.00,1.38
2018.04.13 20:01:52.484,1.83394,1.83421,1.00,1.50
2018.04.13 20:01:53.060,1.83394,1.83417,1.00,1.25
2018.04.13 20:01:53.214,1.83391,1.83417,1.00,1.25
2018.04.13 20:01:53.265,1.83393,1.83417,1.00,1.25
2018.04.13 20:01:53.952,1.8339,1.83417,1.00,1.00
2018.04.13 20:01:54.003,1.83393,1.83417,1.00,1.00
2018.04.13 20:01:54.617,1.83394,1.83417,1.00,1.25
2018.04.13 20:01:55.131,1.83394,1.8342,1.00,1.38
2018.04.13 20:01:55.716,1.83394,1.83417,1.00,1.00
2018.04.13 20:01:56.269,1.83394,1.83422,1.00,1.75
2018.04.13 20:01:57.014,1.83393,1.83423,1.00,1.88
2018.04.13 20:01:57.521,1.83393,1.83423,1.00,1.38
2018.04.13 20:01:57.572,1.83391,1.83423,1.00,1.56
2018.04.13 20:01:57.624,1.83393,1.83423,1.00,1.56
2018.04.13 20:01:58.144,1.83392,1.83423,1.00,1.38
2018.04.13 20:01:58.616,1.8339,1.83419,1.50,1.44
2018.04.13 20:01:58.830,1.8339,1.83419,1.88,1.38
2018.04.13 20:01:59.136,1.8339,1.83415,1.00,1.00
2018.04.13 20:01:59.706,1.83388,1.83415,1.44,1.00
2018.04.13 20:02:00.467,1.83389,1.83416,1.44,1.00
2018.04.13 20:02:00.570,1.83382,1.83416,1.00,1.38
2018.04.13 20:02:00.829,1.8338,1.83416,1.56,1.38
2018.04.13 20:02:01.347,1.83384,1.83412,1.00,1.25
2018.04.13 20:02:01.859,1.83382,1.83415,1.13,1.38
2018.04.13 20:02:02.394,1.83382,1.83415,1.13,1.38
2018.04.13 20:02:02.564,1.83385,1.83413,1.00,1.44
2018.04.13 20:02:02.972,1.83382,1.83417,1.25,1.38
2018.04.13 20:02:03.024,1.83385,1.83413,1.00,1.44
2018.04.13 20:02:03.075,1.83383,1.83417,1.00,1.38
2018.04.13 20:02:03.229,1.83383,1.83417,1.00,1.38
2018.04.13 20:02:03.549,1.83379,1.83407,2.25,1.00
2018.04.13 20:02:03.827,1.83387,1.83415,1.00,1.50
2018.04.13 20:02:03.881,1.8339,1.83415,1.25,1.00
2018.04.13 20:02:04.138,1.83388,1.83426,1.50,1.44
2018.04.13 20:02:04.189,1.83391,1.83425,1.00,1.38
2018.04.13 20:02:04.342,1.83389,1.83426,1.25,1.00
2018.04.13 20:02:04.476,1.83391,1.83425,1.00,1.25
2018.04.13 20:02:04.780,1.83391,1.83423,1.00,1.38
2018.04.13 20:02:05.256,1.83393,1.83423,1.00,1.38
2018.04.13 20:02:05.487,1.83389,1.83425,1.25,1.50
2018.04.13 20:02:05.793,1.83389,1.83424,1.50,1.44
2018.04.13 20:02:06.117,1.83389,1.83425,1.25,1.88
2018.04.13 20:02:06.665,1.83389,1.83425,1.00,1.56
2018.04.13 20:02:06.868,1.83388,1.83427,1.00,1.94
2018.04.13 20:02:07.412,1.83388,1.8342,1.25,1.38
2018.04.13 20:02:07.928,1.83387,1.83423,1.25,1.38
2018.04.13 20:02:08.480,1.83388,1.83419,1.00,1.38
2018.04.13 20:02:09.030,1.83386,1.83421,2.44,1.88
2018.04.13 20:02:09.081,1.83389,1.83421,1.00,1.38
2018.04.13 20:02:09.184,1.83387,1.83423,1.25,1.88
2018.04.13 20:02:09.235,1.83389,1.83423,1.00,1.56
2018.04.13 20:02:09.287,1.83386,1.83423,1.50,1.56
2018.04.13 20:02:09.938,1.83388,1.83419,1.25,1.88
2018.04.13 20:02:10.447,1.83386,1.83419,1.50,1.38
2018.04.13 20:02:10.968,1.83386,1.8342,1.75,1.38
2018.04.13 20:02:11.020,1.83387,1.8342,1.50,1.00
2018.04.13 20:02:11.173,1.83388,1.83419,1.00,1.44
2018.04.13 20:02:11.691,1.83389,1.83418,1.00,1.25
2018.04.13 20:02:11.794,1.83386,1.8342,2.44,1.38
2018.04.13 20:02:12.154,1.83389,1.83418,1.00,1.44
2018.04.13 20:02:12.324,1.83386,1.83418,2.44,1.25
2018.04.13 20:02:12.904,1.83389,1.83419,1.00,1.38
2018.04.13 20:02:13.058,1.83386,1.8342,2.44,1.38
2018.04.13 20:02:13.109,1.8339,1.8342,1.00,1.63
2018.04.13 20:02:13.212,1.83386,1.83419,2.44,1.44
2018.04.13 20:02:13.724,1.83387,1.83419,1.69,1.38
2018.04.13 20:02:14.104,1.83387,1.83419,1.50,1.56
2018.04.13 20:02:14.770,1.83386,1.83415,1.50,1.00
2018.04.13 20:02:15.292,1.83385,1.83418,2.25,1.38
2018.04.13 20:02:15.896,1.83387,1.83417,1.50,1.38
2018.04.13 20:02:16.502,1.83387,1.83417,1.25,1.13
2018.04.13 20:02:17.027,1.83387,1.83417,1.69,1.25
2018.04.13 20:02:18.045,1.83389,1.83419,1.00,1.38
2018.04.13 20:02:18.300,1.83387,1.83422,1.25,1.63
2018.04.13 20:02:18.830,1.83387,1.8342,1.69,1.38
2018.04.13 20:02:19.930,1.83386,1.83422,1.69,1.38
2018.04.13 20:02:20.300,1.83389,1.83422,1.00,1.38
2018.04.13 20:02:20.914,1.83389,1.83421,1.00,1.38
2018.04.13 20:02:21.479,1.83389,1.83421,1.00,1.88
2018.04.13 20:02:22.007,1.83387,1.83422,1.19,1.38
2018.04.13 20:02:22.770,1.83386,1.8342,2.25,1.38
2018.04.13 20:02:23.275,1.83386,1.83421,1.88,1.38
2018.04.13 20:02:23.782,1.83386,1.83423,2.06,1.56
2018.04.13 20:02:24.366,1.83386,1.83424,2.06,2.63
2018.04.13 20:02:25.799,1.83386,1.83424,2.06,2.81
2018.04.13 20:02:26.280,1.83388,1.83424,1.44,1.88
2018.04.13 20:02:26.838,1.83388,1.83423,1.44,1.38
2018.04.13 20:02:27.385,1.83388,1.83423,1.38,1.38
2018.04.13 20:02:28.351,1.83387,1.83425,1.38,3.00
2018.04.13 20:02:28.948,1.83387,1.83425,1.69,1.88
2018.04.13 20:02:29.526,1.83388,1.83425,1.44,1.38
2018.04.13 20:02:30.065,1.83388,1.83425,1.25,1.38
2018.04.13 20:02:30.403,1.83388,1.83424,1.13,1.00
2018.04.13 20:02:30.565,1.83388,1.83424,1.00,1.38
2018.04.13 20:02:30.892,1.83388,1.83424,1.13,1.56
2018.04.13 20:02:31.561,1.83388,1.83424,1.00,1.38
2018.04.13 20:02:31.964,1.83389,1.83421,1.00,1.38
2018.04.13 20:02:32.479,1.83388,1.83426,1.44,1.44
2018.04.13 20:02:32.530,1.83391,1.83423,1.00,1.00
2018.04.13 20:02:32.985,1.83391,1.83423,1.00,1.38
2018.04.13 20:02:33.544,1.83389,1.83422,1.44,1.63
2018.04.13 20:02:34.166,1.83387,1.83426,1.38,2.63
2018.04.13 20:02:34.674,1.83389,1.83423,1.44,1.38
2018.04.13 20:02:35.447,1.8339,1.8342,1.00,1.25
2018.04.13 20:02:35.801,1.83388,1.83425,1.63,1.88
2018.04.13 20:02:37.014,1.83389,1.83427,1.63,2.06
2018.04.13 20:02:38.274,1.83389,1.83426,1.38,1.38
2018.04.13 20:02:39.327,1.83388,1.83426,1.56,1.56
2018.04.13 20:02:39.918,1.8339,1.83427,1.44,2.63
2018.04.13 20:02:40.463,1.8339,1.83424,1.38,1.63
2018.04.13 20:02:41.136,1.8339,1.83427,1.44,1.88
2018.04.13 20:02:41.692,1.83392,1.83424,1.00,1.38
2018.04.13 20:02:42.235,1.83389,1.83427,1.38,1.88
2018.04.13 20:02:42.342,1.83389,1.83426,1.25,1.38
2018.04.13 20:02:42.799,1.83391,1.83423,1.00,1.38
2018.04.13 20:02:42.851,1.83388,1.83425,1.31,1.38
2018.04.13 20:02:43.467,1.83389,1.83425,1.31,1.88
2018.04.13 20:02:44.008,1.83391,1.83423,1.00,1.38
2018.04.13 20:02:44.756,1.83391,1.83422,1.00,1.38
2018.04.13 20:02:44.807,1.83388,1.83426,2.06,1.38
2018.04.13 20:02:45.154,1.83388,1.83427,1.56,1.56
2018.04.13 20:02:45.205,1.83388,1.83427,1.56,1.38
2018.04.13 20:02:45.708,1.83388,1.83428,1.63,1.88
2018.04.13 20:02:46.247,1.83388,1.83428,2.06,3.75
2018.04.13 20:02:47.017,1.83388,1.83428,2.06,3.75
2018.04.13 20:02:47.587,1.83388,1.83428,1.56,3.75
2018.04.13 20:02:48.301,1.8339,1.83427,1.25,1.88
2018.04.13 20:02:48.713,1.8339,1.83426,1.00,1.56
2018.04.13 20:02:49.310,1.83388,1.83425,1.63,1.38
2018.04.13 20:02:49.661,1.83391,1.83423,1.00,1.38
2018.04.13 20:02:50.020,1.83388,1.83426,2.06,1.38
2018.04.13 20:02:50.648,1.8339,1.83423,1.13,1.50
2018.04.13 20:02:51.625,1.8339,1.83423,1.00,1.88
2018.04.13 20:02:52.268,1.8339,1.83423,1.13,1.38
2018.04.13 20:02:53.017,1.83388,1.83425,1.63,1.56
2018.04.13 20:02:53.118,1.83391,1.83423,1.00,1.38
2018.04.13 20:02:53.271,1.83389,1.83425,1.13,1.38
2018.04.13 20:02:53.899,1.83389,1.83425,1.63,1.38
2018.04.13 20:02:54.841,1.83388,1.83425,1.63,1.38
2018.04.13 20:02:55.118,1.83391,1.83423,1.00,1.38
2018.04.13 20:02:55.616,1.83389,1.83425,1.38,1.38
2018.04.13 20:02:58.214,1.83388,1.83425,2.06,1.56
2018.04.13 20:02:58.836,1.8339,1.83423,1.44,1.25
2018.04.13 20:02:59.452,1.8339,1.83423,1.38,1.44
2018.04.13 20:03:00.053,1.8339,1.83423,1.44,1.25
2018.04.13 20:03:00.791,1.83392,1.83424,1.00,1.44
2018.04.13 20:03:01.504,1.83393,1.83424,1.00,1.38
2018.04.13 20:03:02.175,1.83392,1.83426,1.25,1.88
2018.04.13 20:03:02.557,1.83394,1.83423,1.00,1.25
2018.04.13 20:03:02.827,1.83392,1.83426,1.25,1.38
2018.04.13 20:03:03.433,1.83392,1.83425,1.00,1.38
2018.04.13 20:03:03.846,1.83394,1.83423,1.00,1.25
2018.04.13 20:03:03.897,1.83392,1.83426,1.00,1.38
2018.04.13 20:03:04.461,1.83392,1.83426,1.25,1.38
2018.04.13 20:03:05.037,1.83392,1.83425,1.00,1.38
2018.04.13 20:03:05.715,1.83392,1.83423,1.25,1.38
2018.04.13 20:03:06.156,1.83394,1.83423,1.00,1.38
2018.04.13 20:03:06.681,1.8339,1.83427,1.63,2.06
2018.04.13 20:03:07.092,1.83394,1.83423,1.00,1.38
2018.04.13 20:03:07.608,1.8339,1.83425,1.63,1.38
2018.04.13 20:03:08.214,1.83391,1.83425,1.13,1.88
2018.04.13 20:03:08.760,1.83391,1.83425,1.44,1.38
2018.04.13 20:03:09.451,1.83393,1.83424,1.00,1.38
2018.04.13 20:03:10.195,1.83393,1.83424,1.00,1.38
2018.04.13 20:03:10.282,1.8339,1.83427,1.44,2.06
2018.04.13 20:03:10.961,1.83393,1.83421,1.00,1.25
2018.04.13 20:03:11.012,1.8339,1.83427,1.44,2.06
2018.04.13 20:03:11.063,1.83394,1.83422,1.00,1.44
2018.04.13 20:03:11.411,1.8339,1.83427,1.38,1.88
2018.04.13 20:03:11.462,1.83393,1.83426,1.00,1.38
2018.04.13 20:03:11.917,1.83391,1.83423,1.13,1.38
2018.04.13 20:03:12.459,1.8339,1.83426,1.63,1.88
2018.04.13 20:03:13.134,1.8339,1.83426,1.38,1.56
2018.04.13 20:03:13.552,1.83389,1.83424,1.25,2.06
2018.04.13 20:03:13.604,1.83392,1.83422,1.25,1.38
2018.04.13 20:03:13.755,1.8339,1.83424,1.25,1.38
2018.04.13 20:03:14.032,1.83392,1.83421,1.00,1.44
2018.04.13 20:03:14.237,1.8339,1.83421,1.13,1.44
2018.04.13 20:03:14.462,1.83392,1.8342,1.00,1.44
2018.04.13 20:03:14.616,1.83389,1.83422,1.38,1.38
2018.04.13 20:03:14.667,1.83392,1.83421,1.00,1.44
2018.04.13 20:03:15.190,1.8339,1.83422,1.38,1.38
2018.04.13 20:03:15.732,1.83392,1.83423,1.00,1.88
2018.04.13 20:03:15.988,1.83389,1.83423,1.13,1.63
2018.04.13 20:03:16.492,1.8339,1.83421,1.00,1.38
2018.04.13 20:03:16.775,1.83392,1.83422,1.00,1.38
2018.04.13 20:03:16.827,1.83389,1.83426,1.44,1.38
2018.04.13 20:03:17.412,1.83389,1.83426,1.63,1.63
2018.04.13 20:03:18.020,1.83389,1.83426,1.44,1.38
2018.04.13 20:03:18.585,1.83389,1.83425,1.63,1.38
2018.04.13 20:03:18.769,1.83389,1.83425,1.25,1.63
2018.04.13 20:03:18.820,1.83389,1.83425,1.50,1.38
2018.04.13 20:03:19.331,1.83388,1.83426,1.50,2.44
2018.04.13 20:03:20.034,1.83388,1.83426,2.25,2.44
2018.04.13 20:03:20.777,1.83388,1.83426,1.75,1.38
2018.04.13 20:03:21.336,1.83388,1.83425,2.06,1.50
2018.04.13 20:03:21.868,1.83388,1.83425,1.63,1.00
2018.04.13 20:03:21.920,1.83388,1.83425,1.63,1.38
2018.04.13 20:03:22.227,1.83388,1.83426,1.81,1.38
2018.04.13 20:03:22.781,1.83388,1.83426,1.63,1.88
2018.04.13 20:03:24.047,1.83388,1.83426,1.56,1.88
2018.04.13 20:03:24.543,1.83388,1.83425,1.50,1.38
2018.04.13 20:03:25.189,1.83388,1.83424,1.75,1.38
2018.04.13 20:03:25.856,1.83388,1.83425,1.50,1.88
2018.04.13 20:03:26.401,1.83388,1.83424,1.75,1.38
2018.04.13 20:03:27.303,1.83388,1.83424,1.50,1.38
2018.04.13 20:03:27.975,1.8339,1.83424,1.00,1.38
2018.04.13 20:03:28.644,1.83389,1.83424,1.31,1.38
2018.04.13 20:03:30.106,1.83389,1.83424,1.25,1.38
2018.04.13 20:03:30.674,1.83389,1.83424,1.31,1.38
2018.04.13 20:03:31.344,1.83389,1.83423,1.25,1.38
2018.04.13 20:03:31.919,1.83389,1.83425,1.50,1.38
2018.04.13 20:03:32.208,1.83389,1.83422,1.38,1.25
2018.04.13 20:03:33.013,1.83389,1.83422,1.50,1.44
2018.04.13 20:03:34.405,1.83389,1.83426,1.38,2.63
2018.04.13 20:03:34.917,1.83389,1.83426,1.63,2.63
2018.04.13 20:03:35.713,1.83389,1.83426,1.63,1.88
2018.04.13 20:03:36.265,1.83389,1.83426,1.56,1.88
2018.04.13 20:03:36.797,1.83389,1.83426,1.63,1.88
2018.04.13 20:03:37.336,1.83389,1.83426,1.56,1.88
2018.04.13 20:03:37.965,1.83389,1.83424,1.63,1.38
2018.04.13 20:03:38.725,1.8339,1.83424,1.63,1.38
2018.04.13 20:03:39.267,1.8339,1.83425,1.44,1.38
2018.04.13 20:03:39.846,1.8339,1.83423,1.50,1.38
2018.04.13 20:03:41.120,1.8339,1.83425,1.44,1.38
2018.04.13 20:03:41.660,1.8339,1.83426,1.50,1.38
2018.04.13 20:03:42.281,1.8339,1.83427,1.44,2.25
2018.04.13 20:03:43.590,1.8339,1.83427,1.63,2.25
2018.04.13 20:03:44.309,1.8339,1.83427,1.44,2.25
2018.04.13 20:03:44.811,1.8339,1.83427,1.63,2.25
2018.04.13 20:03:45.166,1.8339,1.83427,1.63,2.25
2018.04.13 20:03:45.952,1.8339,1.83427,1.38,2.63
2018.04.13 20:03:46.616,1.8339,1.83427,1.63,2.25
2018.04.13 20:03:47.191,1.8339,1.83427,1.63,2.06
2018.04.13 20:03:48.712,1.8339,1.83426,1.31,1.38
2018.04.13 20:03:49.198,1.8339,1.83426,1.50,1.25
2018.04.13 20:03:50.071,1.8339,1.83428,1.75,2.06
2018.04.13 20:03:50.575,1.8339,1.83428,1.50,2.44
2018.04.13 20:03:51.117,1.8339,1.83427,1.75,1.69
2018.04.13 20:03:51.855,1.8339,1.83426,1.50,1.25
2018.04.13 20:03:52.367,1.8339,1.83428,1.75,1.75
2018.04.13 20:03:52.885,1.8339,1.83428,1.50,1.81
2018.04.13 20:03:53.490,1.8339,1.83428,1.75,1.75
2018.04.13 20:03:54.805,1.8339,1.83428,1.56,1.75
2018.04.13 20:03:55.881,1.83392,1.83427,1.44,1.63
2018.04.13 20:03:56.412,1.83388,1.83427,1.75,1.81
2018.04.13 20:03:56.947,1.83392,1.83426,1.44,1.38
2018.04.13 20:03:57.630,1.8339,1.83428,1.75,1.75
2018.04.13 20:03:58.167,1.83391,1.83427,1.38,1.63
2018.04.13 20:03:58.710,1.83392,1.83426,1.38,1.38
2018.04.13 20:03:59.251,1.8339,1.83428,1.50,2.06
2018.04.13 20:03:59.790,1.8339,1.83428,1.75,2.06
2018.04.13 20:04:00.381,1.8339,1.83428,1.50,1.75
2018.04.13 20:04:01.270,1.8339,1.83428,1.75,1.56
2018.04.13 20:04:01.926,1.83391,1.83428,1.38,1.56
2018.04.13 20:04:02.477,1.83391,1.83427,1.56,1.50
2018.04.13 20:04:03.296,1.83391,1.83427,1.38,1.50
2018.04.13 20:04:03.855,1.83391,1.83428,1.50,1.56
2018.04.13 20:04:04.473,1.83391,1.83428,1.63,1.75
2018.04.13 20:04:05.223,1.83391,1.83428,1.50,1.75
2018.04.13 20:04:07.764,1.83391,1.83427,1.38,1.63
2018.04.13 20:04:08.446,1.83391,1.83427,1.38,1.81
2018.04.13 20:04:08.973,1.83391,1.83427,1.38,1.50
2018.04.13 20:04:09.606,1.83391,1.83427,1.38,1.81
2018.04.13 20:04:10.157,1.83391,1.83427,1.38,1.50
2018.04.13 20:04:10.934,1.8339,1.83425,1.63,1.38
2018.04.13 20:04:11.542,1.83388,1.83427,1.56,2.44
2018.04.13 20:04:16.964,1.83388,1.83426,1.56,1.38
2018.04.13 20:04:17.273,1.8339,1.83426,1.63,1.38
2018.04.13 20:04:18.012,1.8339,1.83422,1.56,1.44
2018.04.13 20:04:18.816,1.8339,1.83422,1.50,1.25
2018.04.13 20:04:19.465,1.8339,1.83422,1.75,1.44
2018.04.13 20:04:20.034,1.8339,1.83428,1.75,1.75
2018.04.13 20:04:20.423,1.83392,1.83421,1.13,1.00
2018.04.13 20:04:21.385,1.83389,1.83421,1.75,1.25
2018.04.13 20:04:21.937,1.83388,1.83421,1.75,1.00
2018.04.13 20:04:22.510,1.83388,1.83421,2.25,1.25
2018.04.13 20:04:23.385,1.83388,1.83421,1.75,1.00
2018.04.13 20:04:24.664,1.83388,1.83421,1.75,1.25
2018.04.13 20:04:25.488,1.83388,1.83421,1.75,1.00
2018.04.13 20:04:26.060,1.83389,1.83421,1.75,1.25
2018.04.13 20:04:26.617,1.83389,1.83421,1.75,1.00
2018.04.13 20:04:27.131,1.83388,1.83421,1.75,1.25
2018.04.13 20:04:27.674,1.83388,1.83421,1.75,1.00
2018.04.13 20:04:28.287,1.83388,1.83421,1.75,1.25
2018.04.13 20:04:28.837,1.83388,1.83424,2.25,1.44
2018.04.13 20:04:29.348,1.83388,1.83423,2.25,1.00
2018.04.13 20:04:29.849,1.83392,1.83423,1.63,1.25
2018.04.13 20:04:30.909,1.83388,1.83423,2.25,1.00
2018.04.13 20:04:31.432,1.83388,1.83423,2.25,1.44
2018.04.13 20:04:32.022,1.83388,1.83423,2.25,1.38
2018.04.13 20:04:32.760,1.83388,1.83423,2.44,1.44
2018.04.13 20:04:33.497,1.83388,1.83423,2.25,1.38
2018.04.13 20:04:34.022,1.83388,1.83423,2.00,1.44
2018.04.13 20:04:34.073,1.83388,1.83423,1.75,1.25
2018.04.13 20:04:36.928,1.83388,1.83423,2.25,1.44
2018.04.13 20:04:37.264,1.83393,1.83423,1.00,1.38
2018.04.13 20:04:37.782,1.83393,1.83423,1.00,1.44
2018.04.13 20:04:38.091,1.83389,1.83424,1.81,1.38
2018.04.13 20:04:38.600,1.83389,1.83421,1.81,1.00
2018.04.13 20:04:38.880,1.83389,1.83419,1.56,1.00
2018.04.13 20:04:39.389,1.83389,1.8342,1.69,1.00
2018.04.13 20:04:39.908,1.83391,1.8342,1.25,1.00
2018.04.13 20:04:40.608,1.83388,1.8342,2.25,1.00
2018.04.13 20:04:41.021,1.83391,1.83418,1.50,1.00
2018.04.13 20:04:41.533,1.8339,1.83421,1.75,1.25
2018.04.13 20:04:42.105,1.83388,1.83421,1.75,1.00
2018.04.13 20:04:42.408,1.8339,1.83421,1.75,1.00
2018.04.13 20:04:42.923,1.83388,1.83421,2.25,1.00
2018.04.13 20:04:43.358,1.83388,1.83423,2.06,1.00
2018.04.13 20:04:43.906,1.83389,1.83422,1.75,1.44
2018.04.13 20:04:44.757,1.83388,1.83423,2.25,1.44
2018.04.13 20:04:45.120,1.83389,1.8342,1.56,1.00
2018.04.13 20:04:45.651,1.83391,1.83422,1.44,1.44
2018.04.13 20:04:46.270,1.83389,1.83422,1.63,1.25
2018.04.13 20:04:46.709,1.83389,1.8342,1.56,1.00
2018.04.13 20:04:47.218,1.83389,1.83422,1.63,1.25
2018.04.13 20:04:47.270,1.83393,1.83422,1.00,1.25
2018.04.13 20:04:47.375,1.83391,1.83422,1.25,1.25
2018.04.13 20:04:47.795,1.83393,1.83425,1.00,1.63
2018.04.13 20:04:47.847,1.83389,1.83426,1.63,2.81
2018.04.13 20:04:48.456,1.83393,1.83424,1.00,1.38
2018.04.13 20:04:48.692,1.83388,1.83424,1.81,1.38
2018.04.13 20:04:49.273,1.8339,1.83423,1.56,1.88
2018.04.13 20:04:50.025,1.83392,1.83423,1.00,1.44
2018.04.13 20:04:50.565,1.83391,1.83423,1.31,1.88
2018.04.13 20:04:51.085,1.8339,1.83423,1.31,1.88
2018.04.13 20:04:51.618,1.8339,1.83423,1.56,1.88
2018.04.13 20:04:52.930,1.83387,1.83425,1.75,1.88
2018.04.13 20:04:53.463,1.83388,1.83425,1.75,3.00
2018.04.13 20:04:54.584,1.83393,1.83425,1.00,1.38
2018.04.13 20:04:54.909,1.83389,1.83425,1.81,1.38
2018.04.13 20:04:55.237,1.83394,1.83425,1.00,1.38
2018.04.13 20:04:55.719,1.83389,1.83424,1.75,1.63
2018.04.13 20:04:56.330,1.83389,1.83424,1.81,1.38
2018.04.13 20:04:56.890,1.83392,1.83425,1.25,2.63
2018.04.13 20:04:58.157,1.83389,1.83422,1.81,1.25
2018.04.13 20:04:58.670,1.83389,1.83422,1.75,1.44
2018.04.13 20:04:59.869,1.83391,1.83419,1.00,1.25
2018.04.13 20:05:00.109,1.83388,1.83419,1.44,1.00
2018.04.13 20:05:00.283,1.83391,1.83419,1.00,1.00
2018.04.13 20:05:00.589,1.83387,1.83419,2.06,1.00
2018.04.13 20:05:01.120,1.8339,1.8342,1.00,1.44
2018.04.13 20:05:01.324,1.83392,1.8342,1.00,1.25
2018.04.13 20:05:01.556,1.83388,1.8342,1.25,1.25
2018.04.13 20:05:01.659,1.8339,1.83419,1.00,1.00
2018.04.13 20:05:01.711,1.83388,1.83419,1.25,1.00
2018.04.13 20:05:01.962,1.8339,1.83419,1.00,1.25
2018.04.13 20:05:02.595,1.83387,1.83419,2.81,1.25
2018.04.13 20:05:02.991,1.83391,1.83422,1.00,1.56
2018.04.13 20:05:03.528,1.83391,1.83418,1.00,1.00
2018.04.13 20:05:04.562,1.83389,1.83418,1.44,1.00
2018.04.13 20:05:04.716,1.83391,1.8342,1.00,1.25
2018.04.13 20:05:05.245,1.83391,1.83419,1.25,1.25
2018.04.13 20:05:05.347,1.83391,1.83419,1.38,1.00
2018.04.13 20:05:05.551,1.83391,1.83426,1.00,1.56
2018.04.13 20:05:06.048,1.83391,1.83424,1.25,1.56
2018.04.13 20:05:06.279,1.83391,1.83424,1.00,1.00
2018.04.13 20:05:06.483,1.83391,1.83424,1.00,1.38
2018.04.13 20:05:06.800,1.83391,1.83422,1.00,1.38
2018.04.13 20:05:07.185,1.83391,1.83426,1.00,1.50
2018.04.13 20:05:07.337,1.83391,1.83426,1.00,2.63
2018.04.13 20:05:07.491,1.83388,1.83426,1.44,2.63
2018.04.13 20:05:07.904,1.83391,1.83425,1.00,1.56
2018.04.13 20:05:08.418,1.8339,1.83422,1.25,1.38
2018.04.13 20:05:08.843,1.83392,1.83422,1.00,1.38
2018.04.13 20:05:08.894,1.83392,1.83422,1.00,1.19
2018.04.13 20:05:08.945,1.83392,1.83422,1.00,1.00
2018.04.13 20:05:09.440,1.83391,1.83423,1.00,1.38
2018.04.13 20:05:09.855,1.83389,1.83423,1.25,1.38
2018.04.13 20:05:10.054,1.83391,1.83421,1.00,1.88
2018.04.13 20:05:10.393,1.83389,1.83421,1.25,1.44
2018.04.13 20:05:10.568,1.83391,1.83422,1.00,1.38
2018.04.13 20:05:11.100,1.8339,1.83422,1.25,1.38
2018.04.13 20:05:11.864,1.83391,1.83419,1.00,1.00
2018.04.13 20:05:12.415,1.83392,1.83423,1.00,1.88
2018.04.13 20:05:13.073,1.83392,1.83423,1.00,1.88
2018.04.13 20:05:13.180,1.83388,1.83423,2.63,1.38
2018.04.13 20:05:13.973,1.83388,1.83423,1.88,1.38
2018.04.13 20:05:14.228,1.83388,1.83418,2.63,1.00
2018.04.13 20:05:14.723,1.8339,1.8342,1.00,1.00
2018.04.13 20:05:15.283,1.8339,1.8342,1.13,1.38
2018.04.13 20:05:15.796,1.83391,1.83424,1.00,1.38
2018.04.13 20:05:16.312,1.83391,1.83424,1.00,1.38
2018.04.13 20:05:16.832,1.83391,1.83421,1.00,1.38
2018.04.13 20:05:16.934,1.83389,1.83422,1.13,1.38
2018.04.13 20:05:17.624,1.8339,1.83423,1.38,2.06
2018.04.13 20:05:18.655,1.8339,1.83423,1.44,2.06
2018.04.13 20:05:19.228,1.83392,1.83419,1.00,1.44
2018.04.13 20:05:19.433,1.83391,1.83421,1.00,1.25
2018.04.13 20:05:19.954,1.83389,1.83422,1.44,1.44
2018.04.13 20:05:20.005,1.83392,1.83422,1.00,1.38
2018.04.13 20:05:20.226,1.83392,1.83422,1.00,1.00
2018.04.13 20:05:20.278,1.83392,1.83422,1.00,1.38
2018.04.13 20:05:20.842,1.83392,1.83422,1.00,1.38
2018.04.13 20:05:21.359,1.83392,1.83422,1.00,1.38
2018.04.13 20:05:21.930,1.83392,1.83422,1.00,1.38
2018.04.13 20:05:22.556,1.83392,1.83422,1.00,1.38
2018.04.13 20:05:23.148,1.83391,1.83422,1.25,1.38
2018.04.13 20:05:23.389,1.83391,1.83422,1.00,1.25
2018.04.13 20:05:24.090,1.8339,1.83422,1.50,1.44
2018.04.13 20:05:24.746,1.83389,1.83422,1.69,1.25
2018.04.13 20:05:24.798,1.83392,1.83422,1.00,1.25
2018.04.13 20:05:24.900,1.8339,1.83422,1.13,1.25
2018.04.13 20:05:25.371,1.8339,1.83422,1.25,1.38
2018.04.13 20:05:25.703,1.83393,1.83422,1.00,1.38
2018.04.13 20:05:25.805,1.8339,1.83422,1.50,1.38
2018.04.13 20:05:26.373,1.83392,1.83421,1.00,1.38
2018.04.13 20:05:26.424,1.8339,1.83421,1.13,1.44
2018.04.13 20:05:26.993,1.8339,1.83421,1.50,1.38
2018.04.13 20:05:27.662,1.8339,1.83421,1.13,1.38
2018.04.13 20:05:28.212,1.83391,1.83421,1.00,1.38
2018.04.13 20:05:28.741,1.83391,1.83421,1.25,1.38
2018.04.13 20:05:29.047,1.83393,1.83421,1.00,1.38
2018.04.13 20:05:29.098,1.8339,1.83421,1.25,1.38
2018.04.13 20:05:29.366,1.8339,1.83421,1.00,1.00
2018.04.13 20:05:29.965,1.8339,1.83424,1.50,1.38
2018.04.13 20:05:30.145,1.8339,1.83424,1.50,1.38
2018.04.13 20:05:31.674,1.83389,1.83422,1.50,1.38
2018.04.13 20:05:32.289,1.83389,1.83422,2.00,1.38
2018.04.13 20:05:33.079,1.8339,1.83422,1.25,1.38
2018.04.13 20:05:33.474,1.8339,1.83422,1.25,1.44
2018.04.13 20:05:34.053,1.8339,1.83425,1.69,1.38
2018.04.13 20:05:34.582,1.8339,1.83419,1.69,1.00
2018.04.13 20:05:35.201,1.8339,1.83419,1.25,1.00
2018.04.13 20:05:35.702,1.8339,1.83424,1.25,1.38
2018.04.13 20:05:36.289,1.8339,1.83422,1.88,1.38
2018.04.13 20:05:36.950,1.8339,1.83423,1.25,1.38
2018.04.13 20:05:37.358,1.8339,1.83423,1.00,2.25
2018.04.13 20:05:37.410,1.83387,1.83421,1.50,1.56
2018.04.13 20:05:37.462,1.83383,1.8342,1.00,1.63
2018.04.13 20:05:37.837,1.83382,1.83416,1.38,1.44
2018.04.13 20:05:38.332,1.83382,1.83416,1.00,1.56
2018.04.13 20:05:38.843,1.83382,1.83416,1.13,1.81
2018.04.13 20:05:39.662,1.83382,1.83416,1.00,2.44
2018.04.13 20:05:40.183,1.83382,1.83416,1.13,2.44
2018.04.13 20:05:41.394,1.83382,1.83416,1.00,2.44
2018.04.13 20:05:42.243,1.83382,1.83416,1.13,2.25
2018.04.13 20:05:42.921,1.83382,1.83416,1.00,2.25
2018.04.13 20:05:43.582,1.83379,1.83415,1.38,1.63
2018.04.13 20:05:44.258,1.8338,1.83413,1.38,1.44
2018.04.13 20:05:44.670,1.8338,1.83413,1.25,1.38
2018.04.13 20:05:45.176,1.8338,1.83413,1.44,1.38
2018.04.13 20:05:45.896,1.8338,1.83413,1.25,1.38
2018.04.13 20:05:46.547,1.8338,1.83413,1.44,1.38
2018.04.13 20:05:47.260,1.8338,1.83414,1.25,1.38
2018.04.13 20:05:47.825,1.83378,1.83415,1.38,1.56
2018.04.13 20:05:48.676,1.83381,1.83414,1.00,1.38
2018.04.13 20:05:49.222,1.83376,1.83416,1.94,1.63
2018.04.13 20:05:50.087,1.83376,1.83415,1.94,1.38
2018.04.13 20:05:50.382,1.83378,1.83415,1.69,1.88
2018.04.13 20:05:51.577,1.83378,1.83415,1.63,1.38
2018.04.13 20:05:52.514,1.83378,1.83415,1.50,1.56
2018.04.13 20:05:53.252,1.83378,1.83415,1.38,1.38
2018.04.13 20:05:53.562,1.83379,1.83416,1.63,1.38
2018.04.13 20:05:54.192,1.83382,1.83415,1.00,1.38
2018.04.13 20:05:54.889,1.83382,1.83415,1.00,1.38
2018.04.13 20:05:55.560,1.83382,1.83414,1.00,1.38
2018.04.13 20:05:55.611,1.83377,1.83414,1.69,1.38
2018.04.13 20:05:56.323,1.83377,1.83414,1.94,1.38
2018.04.13 20:05:56.375,1.83377,1.83414,1.88,1.44
2018.04.13 20:05:56.705,1.83377,1.83414,1.94,1.38
2018.04.13 20:05:57.008,1.83377,1.83407,1.69,1.00
2018.04.13 20:05:57.522,1.83378,1.83412,1.69,1.38
2018.04.13 20:05:58.119,1.83378,1.8341,1.69,1.25
2018.04.13 20:05:58.664,1.83378,1.83412,1.56,1.38
2018.04.13 20:05:59.195,1.83378,1.83412,1.38,1.44
2018.04.13 20:05:59.709,1.83378,1.83412,1.88,1.38
2018.04.13 20:06:00.299,1.83378,1.83411,1.38,1.25
2018.04.13 20:06:00.847,1.83378,1.8341,1.88,1.25
2018.04.13 20:06:01.562,1.83378,1.8341,1.38,1.00
2018.04.13 20:06:02.162,1.83378,1.83412,1.38,1.44
2018.04.13 20:06:02.326,1.83378,1.83409,1.69,1.00
2018.04.13 20:06:02.962,1.83378,1.83409,1.38,1.00
2018.04.13 20:06:03.461,1.83378,1.83407,1.44,1.44
2018.04.13 20:06:04.073,1.83378,1.83407,1.00,1.25
2018.04.13 20:06:04.588,1.83375,1.83407,2.44,1.25
2018.04.13 20:06:04.800,1.83378,1.83407,1.00,1.44
2018.04.13 20:06:05.340,1.83377,1.83407,1.31,1.44
2018.04.13 20:06:05.880,1.83377,1.83407,1.00,1.25
2018.04.13 20:06:06.754,1.83377,1.83407,1.31,1.44
2018.04.13 20:06:07.332,1.83377,1.83407,1.00,1.25
2018.04.13 20:06:08.710,1.83377,1.83407,1.31,1.44
2018.04.13 20:06:09.222,1.83377,1.83407,1.00,1.25
2018.04.13 20:06:09.532,1.83379,1.83407,1.00,1.25
2018.04.13 20:06:09.904,1.83375,1.83407,3.00,1.44
2018.04.13 20:06:10.532,1.83377,1.83407,1.00,1.25
2018.04.13 20:06:11.100,1.83376,1.83407,1.31,1.25
2018.04.13 20:06:11.770,1.83376,1.83407,1.69,1.44
2018.04.13 20:06:12.286,1.83376,1.83407,1.31,1.25
2018.04.13 20:06:12.619,1.83376,1.83407,1.50,1.25
2018.04.13 20:06:13.254,1.83376,1.83407,1.75,1.44
2018.04.13 20:06:14.117,1.83376,1.83407,1.69,1.25
2018.04.13 20:06:14.756,1.83376,1.83407,1.94,1.44
2018.04.13 20:06:15.370,1.83378,1.83407,1.25,1.25
2018.04.13 20:06:15.749,1.83375,1.83407,1.44,1.69
2018.04.13 20:06:15.854,1.8337,1.83398,1.00,1.44
2018.04.13 20:06:16.060,1.83366,1.83398,1.44,1.38
2018.04.13 20:06:16.266,1.83363,1.83391,1.63,1.00
2018.04.13 20:06:16.728,1.83363,1.83397,1.63,1.88
2018.04.13 20:06:17.350,1.83363,1.83397,1.31,1.88
2018.04.13 20:06:17.911,1.83363,1.83397,1.81,1.88
2018.04.13 20:06:18.661,1.83363,1.83397,1.31,1.88
2018.04.13 20:06:19.139,1.83365,1.83397,1.25,1.50
2018.04.13 20:06:19.381,1.83365,1.83397,1.13,1.88
2018.04.13 20:06:19.921,1.83365,1.83398,1.00,1.38
2018.04.13 20:06:20.304,1.83365,1.83398,1.25,1.38
2018.04.13 20:06:20.873,1.83365,1.83399,1.00,1.38
2018.04.13 20:06:21.408,1.83365,1.83397,1.25,1.38
2018.04.13 20:06:22.014,1.83365,1.83397,1.00,1.38
2018.04.13 20:06:23.141,1.83365,1.83399,1.25,1.38
2018.04.13 20:06:24.016,1.83365,1.83398,1.00,1.00
2018.04.13 20:06:24.175,1.83365,1.834,1.13,1.88
2018.04.13 20:06:24.484,1.83368,1.83399,1.00,1.38
2018.04.13 20:06:24.932,1.83365,1.83399,1.44,1.44
2018.04.13 20:06:25.474,1.83365,1.83401,1.38,1.38
2018.04.13 20:06:25.734,1.8337,1.83402,1.00,1.88
2018.04.13 20:06:25.868,1.8337,1.83402,1.00,1.88
2018.04.13 20:06:26.309,1.83373,1.83403,1.00,2.25
2018.04.13 20:06:27.102,1.83373,1.83403,1.00,1.88
2018.04.13 20:06:27.616,1.83373,1.83403,1.00,1.38
2018.04.13 20:06:28.152,1.83373,1.83403,1.00,1.56
2018.04.13 20:06:28.718,1.83373,1.83403,1.00,1.38
2018.04.13 20:06:29.232,1.83373,1.83403,1.00,1.38
2018.04.13 20:06:30.182,1.83373,1.83403,1.00,1.63
2018.04.13 20:06:30.720,1.8337,1.83403,1.00,1.88
2018.04.13 20:06:31.231,1.8337,1.83403,1.00,1.38
2018.04.13 20:06:31.775,1.8337,1.83403,1.00,1.38
2018.04.13 20:06:32.832,1.8337,1.83403,1.00,1.63
2018.04.13 20:06:33.374,1.8337,1.83403,1.00,1.56
2018.04.13 20:06:34.029,1.83371,1.83405,1.00,2.25
2018.04.13 20:06:34.255,1.83371,1.83404,1.00,1.09
2018.04.13 20:06:34.511,1.83366,1.83394,1.00,2.25
2018.04.13 20:06:34.919,1.83366,1.83394,1.00,1.75
2018.04.13 20:06:34.971,1.83363,1.83395,1.00,1.44
2018.04.13 20:06:35.024,1.83362,1.83396,1.00,2.25
2018.04.13 20:06:35.200,1.83358,1.83394,1.00,1.38
2018.04.13 20:06:35.252,1.83358,1.83389,1.00,1.38
2018.04.13 20:06:35.794,1.83357,1.83389,1.56,1.38
2018.04.13 20:06:36.304,1.83357,1.83389,1.13,1.56
2018.04.13 20:06:36.630,1.83359,1.83389,1.00,1.38
2018.04.13 20:06:37.066,1.83358,1.83392,1.00,1.38
2018.04.13 20:06:37.747,1.83359,1.83388,1.00,1.38
2018.04.13 20:06:38.154,1.83353,1.8339,2.63,1.56
2018.04.13 20:06:38.425,1.83358,1.8339,1.00,1.38
2018.04.13 20:06:38.959,1.83355,1.83392,1.25,1.63
2018.04.13 20:06:39.138,1.83357,1.83389,1.00,1.63
2018.04.13 20:06:39.902,1.83358,1.83387,1.00,1.44
2018.04.13 20:06:40.008,1.83354,1.83392,1.69,1.56
2018.04.13 20:06:40.060,1.83359,1.83389,1.00,1.38
2018.04.13 20:06:40.929,1.83355,1.83391,1.94,1.56
2018.04.13 20:06:41.515,1.83359,1.83389,1.00,1.38
2018.04.13 20:06:41.888,1.83356,1.83392,1.25,1.56
2018.04.13 20:06:41.940,1.83358,1.83392,1.00,2.06
2018.04.13 20:06:42.359,1.83356,1.83391,1.13,1.38
2018.04.13 20:06:42.887,1.83356,1.83391,1.38,2.06
2018.04.13 20:06:43.736,1.83357,1.8339,1.00,1.00
2018.04.13 20:06:43.788,1.83357,1.83389,1.00,1.56
2018.04.13 20:06:43.906,1.83352,1.83384,1.00,1.38
2018.04.13 20:06:44.059,1.83353,1.83386,1.25,1.38
2018.04.13 20:06:44.655,1.83353,1.83387,1.00,1.38
2018.04.13 20:06:45.253,1.83353,1.83387,1.00,1.38
2018.04.13 20:06:45.739,1.83354,1.83386,1.00,1.38
2018.04.13 20:06:46.161,1.83356,1.83386,1.00,1.38
2018.04.13 20:06:46.212,1.83353,1.83387,1.44,2.06
2018.04.13 20:06:46.758,1.83355,1.83387,1.00,1.38
2018.04.13 20:06:47.131,1.83352,1.83387,1.31,1.88
2018.04.13 20:06:47.659,1.83355,1.83387,1.00,1.38
2018.04.13 20:06:47.812,1.83353,1.83388,1.25,1.56
2018.04.13 20:06:48.316,1.83354,1.83387,1.00,1.38
2018.04.13 20:06:48.822,1.83353,1.83388,1.25,1.38
2018.04.13 20:06:49.949,1.83353,1.83386,1.50,1.38
2018.04.13 20:06:50.001,1.83356,1.83389,1.00,1.38
2018.04.13 20:06:50.591,1.83356,1.83389,1.25,1.38
2018.04.13 20:06:51.206,1.83356,1.83389,1.00,1.75
2018.04.13 20:06:51.707,1.83354,1.83389,1.44,1.56
2018.04.13 20:06:52.316,1.83354,1.83389,1.38,1.38
2018.04.13 20:06:52.892,1.83354,1.83389,1.44,1.38
2018.04.13 20:06:53.404,1.83354,1.83389,1.38,1.56
2018.04.13 20:06:54.420,1.83354,1.83389,1.44,1.56
2018.04.13 20:06:56.906,1.83354,1.83389,1.38,1.56
2018.04.13 20:06:57.434,1.83354,1.83389,1.44,1.63
2018.04.13 20:06:58.143,1.83359,1.8339,1.00,1.37
2018.04.13 20:06:58.194,1.83359,1.8339,1.00,1.19
2018.04.13 20:06:58.939,1.83359,1.8339,1.00,1.38
2018.04.13 20:06:59.090,1.83359,1.8339,1.00,1.38
2018.04.13 20:07:00.058,1.83359,1.8339,1.00,1.38
2018.04.13 20:07:00.577,1.83359,1.8339,1.00,1.38
2018.04.13 20:07:01.153,1.83359,1.8339,1.00,1.38
2018.04.13 20:07:02.362,1.83359,1.8339,1.00,1.38
2018.04.13 20:07:03.122,1.83359,1.8339,1.00,1.38
2018.04.13 20:07:03.660,1.83359,1.8339,1.00,1.88
2018.04.13 20:07:05.209,1.83359,1.8339,1.00,1.38
2018.04.13 20:07:05.788,1.83359,1.8339,1.00,1.38
2018.04.13 20:07:06.325,1.83359,1.83388,1.00,1.38
2018.04.13 20:07:06.529,1.83352,1.83391,1.56,2.06
2018.04.13 20:07:07.109,1.83356,1.83388,1.00,1.38
2018.04.13 20:07:07.225,1.83352,1.83388,1.63,1.38
2018.04.13 20:07:07.276,1.83356,1.83388,1.00,1.38
2018.04.13 20:07:07.812,1.83352,1.83388,1.63,1.63
2018.04.13 20:07:08.637,1.83352,1.83387,1.44,1.38
2018.04.13 20:07:08.740,1.83352,1.83387,1.00,1.38
2018.04.13 20:07:09.239,1.83352,1.83383,1.00,1.13
2018.04.13 20:07:09.767,1.83351,1.83383,1.13,1.38
2018.04.13 20:07:10.070,1.83351,1.83384,1.38,1.00
2018.04.13 20:07:10.172,1.83351,1.83386,1.38,1.25
2018.04.13 20:07:10.376,1.83354,1.83388,1.38,1.63
2018.04.13 20:07:11.260,1.83354,1.83389,1.38,1.50
2018.04.13 20:07:11.381,1.8335,1.83388,1.25,2.25
2018.04.13 20:07:11.432,1.83347,1.83384,1.56,1.25
2018.04.13 20:07:11.483,1.83347,1.83384,1.44,1.38
2018.04.13 20:07:11.534,1.83347,1.8338,1.38,1.00
2018.04.13 20:07:12.010,1.83346,1.83383,1.38,1.13
2018.04.13 20:07:12.598,1.83341,1.83383,1.75,1.38
2018.04.13 20:07:13.643,1.83345,1.83382,1.38,1.44
2018.04.13 20:07:14.275,1.83341,1.83382,2.06,1.88
2018.04.13 20:07:14.780,1.83341,1.83382,1.56,1.88
2018.04.13 20:07:15.326,1.83345,1.83382,1.38,2.06
2018.04.13 20:07:15.870,1.83341,1.83381,1.56,1.25
2018.04.13 20:07:16.754,1.83344,1.83383,1.38,1.38
2018.04.13 20:07:17.542,1.8334,1.83378,1.38,1.00
2018.04.13 20:07:17.659,1.8334,1.83378,1.19,1.00
2018.04.13 20:07:17.710,1.8334,1.83378,1.50,1.25
2018.04.13 20:07:17.812,1.8334,1.83378,1.38,1.00
2018.04.13 20:07:18.223,1.83343,1.8338,1.38,1.38
2018.04.13 20:07:19.258,1.83339,1.83377,1.50,1.00
2018.04.13 20:07:19.800,1.83339,1.83378,2.06,1.25
2018.04.13 20:07:20.776,1.83339,1.83378,1.50,1.00
2018.04.13 20:07:21.310,1.8334,1.83379,1.56,2.25
2018.04.13 20:07:22.208,1.8334,1.83378,1.38,1.31
2018.04.13 20:07:22.709,1.83341,1.83379,1.38,3.00
2018.04.13 20:07:23.248,1.83345,1.83379,1.44,2.81
2018.04.13 20:07:23.506,1.8334,1.83379,2.25,1.88
2018.04.13 20:07:24.043,1.83339,1.83379,1.56,1.25
2018.04.13 20:07:24.678,1.83339,1.83379,2.25,1.44
2018.04.13 20:07:25.843,1.83339,1.83379,2.25,1.25
2018.04.13 20:07:26.174,1.8334,1.83377,1.50,1.00
2018.04.13 20:07:26.728,1.83341,1.83379,2.25,1.44
2018.04.13 20:07:27.525,1.83344,1.83379,1.13,1.25
2018.04.13 20:07:28.055,1.83348,1.83378,1.44,1.25
2018.04.13 20:07:28.210,1.8334,1.83379,1.75,1.25
2018.04.13 20:07:28.744,1.83344,1.83381,1.75,1.38
2018.04.13 20:07:29.322,1.83343,1.8338,1.50,1.44
2018.04.13 20:07:30.089,1.8334,1.83379,2.25,1.44
2018.04.13 20:07:30.599,1.8334,1.83379,2.25,1.25
2018.04.13 20:07:31.193,1.8334,1.83379,2.40,1.44
2018.04.13 20:07:31.754,1.83342,1.83379,1.75,1.25
2018.04.13 20:07:32.067,1.83341,1.83379,1.75,1.25
2018.04.13 20:07:32.314,1.83347,1.83383,1.38,2.06
2018.04.13 20:07:32.365,1.83347,1.83383,1.38,1.38
2018.04.13 20:07:32.972,1.83345,1.83387,1.50,2.06
2018.04.13 20:07:33.504,1.83342,1.83386,1.75,1.56
2018.04.13 20:07:34.208,1.8335,1.83384,1.25,1.38
2018.04.13 20:07:34.758,1.83348,1.83386,1.50,1.38
2018.04.13 20:07:35.046,1.83348,1.83385,1.00,1.00
2018.04.13 20:07:35.097,1.83346,1.83386,1.25,1.50
2018.04.13 20:07:35.575,1.83346,1.83386,1.50,1.88
2018.04.13 20:07:35.891,1.83348,1.83384,1.38,1.50
2018.04.13 20:07:37.525,1.83348,1.83388,1.38,1.38
2018.04.13 20:07:38.305,1.83348,1.83386,1.50,1.38
2018.04.13 20:07:38.916,1.83348,1.83387,1.38,1.38
2018.04.13 20:07:39.436,1.83348,1.83385,1.50,1.38
2018.04.13 20:07:39.742,1.83344,1.8338,2.25,1.00
2018.04.13 20:07:40.207,1.83344,1.83383,1.75,1.44
2018.04.13 20:07:40.794,1.83344,1.83383,1.75,1.13
2018.04.13 20:07:41.412,1.83344,1.83384,1.94,1.13
2018.04.13 20:07:41.720,1.83345,1.83381,1.13,1.00
2018.04.13 20:07:42.330,1.83344,1.83381,1.94,1.00
2018.04.13 20:07:42.711,1.83344,1.83383,2.44,1.00
2018.04.13 20:07:43.095,1.83344,1.83383,2.25,1.38
2018.04.13 20:07:44.046,1.83344,1.83381,1.75,1.00
2018.04.13 20:07:44.593,1.83344,1.83384,1.75,1.38
2018.04.13 20:07:45.217,1.83344,1.8338,1.75,1.00
2018.04.13 20:07:46.218,1.83344,1.83382,2.25,1.44
2018.04.13 20:07:46.269,1.83344,1.83382,2.25,1.38
2018.04.13 20:07:46.735,1.83346,1.83379,1.75,1.00
2018.04.13 20:07:47.042,1.83346,1.83378,1.44,1.38
2018.04.13 20:07:47.578,1.83346,1.83381,1.25,1.38
2018.04.13 20:07:48.098,1.83346,1.83381,1.81,1.38
2018.04.13 20:07:48.840,1.83346,1.83377,1.63,1.25
2018.04.13 20:07:49.370,1.83346,1.83379,1.81,1.38
2018.04.13 20:07:50.819,1.83348,1.83379,1.12,1.38
2018.04.13 20:07:51.783,1.83347,1.83379,1.63,1.38
2018.04.13 20:07:52.363,1.83347,1.83383,1.37,1.38
2018.04.13 20:07:53.110,1.83345,1.83378,2.25,1.44
2018.04.13 20:07:53.800,1.83346,1.8338,1.50,1.38
2018.04.13 20:07:54.501,1.83345,1.83381,1.69,1.56
2018.04.13 20:07:54.553,1.83345,1.83381,2.06,1.50
2018.04.13 20:07:54.741,1.83345,1.83378,2.63,1.00
2018.04.13 20:07:55.076,1.83345,1.83378,2.25,1.38
2018.04.13 20:07:55.514,1.83346,1.83381,1.44,1.38
2018.04.13 20:07:55.712,1.83343,1.83383,1.31,1.75
2018.04.13 20:07:55.764,1.83343,1.83381,1.50,1.56
2018.04.13 20:07:55.866,1.83345,1.83382,1.25,1.56
2018.04.13 20:07:55.919,1.83342,1.83382,2.44,1.56
2018.04.13 20:07:56.251,1.83346,1.83383,1.00,2.06
2018.04.13 20:07:56.568,1.83343,1.83383,1.44,1.56
2018.04.13 20:07:56.689,1.83343,1.83383,1.19,1.56
2018.04.13 20:07:56.741,1.83343,1.83383,1.44,1.75
2018.04.13 20:07:56.844,1.83345,1.83383,1.00,1.56
2018.04.13 20:07:56.895,1.83345,1.83383,1.00,1.81
2018.04.13 20:07:57.448,1.83345,1.83383,1.00,2.25
2018.04.13 20:07:58.000,1.83345,1.83383,1.00,1.81
2018.04.13 20:07:58.079,1.83345,1.83383,1.00,1.62
2018.04.13 20:07:58.131,1.83345,1.83383,1.00,1.56
2018.04.13 20:07:58.456,1.83345,1.83383,1.00,1.56
2018.04.13 20:07:58.507,1.83345,1.83383,1.00,1.56
2018.04.13 20:07:58.711,1.83345,1.83383,1.00,1.56
2018.04.13 20:07:59.259,1.83345,1.83383,1.00,1.75
2018.04.13 20:07:59.773,1.83345,1.83383,1.00,1.56
2018.04.13 20:07:59.825,1.83345,1.83383,1.00,1.75
2018.04.13 20:07:59.970,1.83345,1.83383,1.00,1.75
2018.04.13 20:08:00.280,1.83345,1.83383,1.00,1.75
2018.04.13 20:08:00.852,1.83345,1.83383,1.00,1.56
2018.04.13 20:08:01.157,1.83345,1.83383,1.00,1.56
2018.04.13 20:08:02.371,1.83343,1.83382,1.44,1.75
2018.04.13 20:08:02.730,1.83346,1.8338,1.00,1.38
2018.04.13 20:08:03.224,1.83343,1.83383,1.44,1.75
2018.04.13 20:08:03.494,1.83346,1.8338,1.00,1.38
2018.04.13 20:08:04.351,1.83343,1.83384,1.19,2.25
2018.04.13 20:08:05.850,1.83343,1.83383,1.44,1.75
2018.04.13 20:08:06.381,1.83343,1.83383,1.19,1.94
2018.04.13 20:08:06.975,1.83344,1.8338,1.25,1.56
2018.04.13 20:08:07.767,1.83344,1.8338,1.25,1.63
2018.04.13 20:08:08.290,1.83343,1.83382,1.44,1.81
2018.04.13 20:08:08.808,1.8334,1.83381,2.19,1.75
2018.04.13 20:08:09.363,1.8334,1.83381,1.56,1.38
2018.04.13 20:08:09.870,1.8334,1.83381,1.69,2.06
2018.04.13 20:08:10.461,1.8334,1.83379,1.56,1.38
2018.04.13 20:08:10.999,1.8334,1.83379,1.69,1.63
2018.04.13 20:08:12.040,1.8334,1.83379,1.56,1.38
2018.04.13 20:08:12.142,1.83344,1.83377,1.00,1.38
2018.04.13 20:08:12.270,1.8334,1.83378,1.56,1.38
2018.04.13 20:08:12.771,1.83342,1.8338,1.44,1.63
2018.04.13 20:08:13.277,1.83342,1.8338,1.25,1.75
2018.04.13 20:08:14.611,1.83342,1.83375,1.38,1.44
2018.04.13 20:08:15.010,1.83343,1.8338,1.00,1.38
2018.04.13 20:08:15.669,1.83343,1.8338,1.00,1.50
2018.04.13 20:08:15.720,1.83347,1.83381,2.44,1.00
2018.04.13 20:08:15.901,1.83359,1.83395,1.25,1.88
2018.04.13 20:08:15.953,1.83359,1.83395,1.50,1.38
2018.04.13 20:08:16.464,1.83361,1.83392,1.00,1.44
2018.04.13 20:08:17.010,1.83361,1.83392,1.00,1.38
2018.04.13 20:08:18.547,1.83361,1.83393,1.00,1.38
2018.04.13 20:08:19.069,1.8336,1.83395,1.25,1.50
2018.04.13 20:08:19.388,1.83363,1.83395,1.00,1.38
2018.04.13 20:08:19.526,1.8336,1.834,1.00,1.38
2018.04.13 20:08:19.578,1.8336,1.834,1.38,1.38
2018.04.13 20:08:20.061,1.83358,1.83402,1.31,3.00
2018.04.13 20:08:20.499,1.8336,1.83397,1.19,1.75
2018.04.13 20:08:21.051,1.8336,1.83394,1.69,1.75
2018.04.13 20:08:21.712,1.8336,1.83394,1.69,1.75
2018.04.13 20:08:22.948,1.8336,1.83394,1.31,1.38
2018.04.13 20:08:23.318,1.8336,1.83402,1.81,2.25
2018.04.13 20:08:23.496,1.8336,1.83402,1.81,2.06
2018.04.13 20:08:23.845,1.83359,1.834,1.38,1.50
2018.04.13 20:08:24.364,1.83359,1.83398,1.75,1.56
2018.04.13 20:08:24.988,1.83362,1.83393,1.00,1.38
2018.04.13 20:08:25.391,1.83359,1.83401,1.63,1.76
2018.04.13 20:08:25.963,1.83361,1.83393,1.00,1.50
2018.04.13 20:08:26.264,1.83364,1.83394,1.00,1.38
2018.04.13 20:08:26.316,1.83362,1.83399,1.00,1.38
2018.04.13 20:08:26.892,1.83361,1.834,1.12,1.75
2018.04.13 20:08:27.543,1.83358,1.834,1.56,1.50
2018.04.13 20:08:28.032,1.83363,1.83396,1.00,1.38
2018.04.13 20:08:28.083,1.83361,1.834,1.12,1.63
2018.04.13 20:08:28.735,1.83359,1.83398,1.69,1.56
2018.04.13 20:08:29.186,1.83363,1.83397,1.00,1.38
2018.04.13 20:08:29.405,1.83361,1.834,1.31,1.38
2018.04.13 20:08:29.916,1.83361,1.83397,1.00,1.38
2018.04.13 20:08:30.070,1.83358,1.83398,1.81,1.56
2018.04.13 20:08:30.172,1.83364,1.83394,1.00,1.38
2018.04.13 20:08:30.224,1.83362,1.83398,1.00,1.38
2018.04.13 20:08:30.275,1.83358,1.83398,1.37,1.38
2018.04.13 20:08:30.632,1.83362,1.83394,1.00,1.38
2018.04.13 20:08:30.683,1.8336,1.83398,1.00,1.38
2018.04.13 20:08:31.283,1.83358,1.83395,1.63,1.38
2018.04.13 20:08:31.721,1.83362,1.83394,1.00,1.38
2018.04.13 20:08:31.772,1.8336,1.83398,1.12,1.88
2018.04.13 20:08:32.574,1.8336,1.83397,1.00,1.38
2018.04.13 20:08:33.170,1.83358,1.83398,1.44,2.21
2018.04.13 20:08:33.315,1.83361,1.83394,1.00,1.38
2018.04.13 20:08:33.929,1.83361,1.83396,1.00,1.38
2018.04.13 20:08:34.465,1.8336,1.83397,1.25,1.38
2018.04.13 20:08:35.134,1.83358,1.83397,1.19,1.56
2018.04.13 20:08:35.640,1.83358,1.83399,1.44,1.56
2018.04.13 20:08:36.261,1.83361,1.83397,1.00,1.38
2018.04.13 20:08:36.785,1.83357,1.83399,1.44,1.71
2018.04.13 20:08:37.294,1.83358,1.83399,1.44,2.25
2018.04.13 20:08:37.844,1.83358,1.83399,1.19,1.56
2018.04.13 20:08:38.197,1.83363,1.83393,1.00,1.38
2018.04.13 20:08:38.249,1.8336,1.83398,1.25,1.38
2018.04.13 20:08:39.326,1.8336,1.83394,1.13,1.38
2018.04.13 20:08:39.920,1.83358,1.83398,2.06,1.38
2018.04.13 20:08:40.465,1.83358,1.83398,1.56,1.76
2018.04.13 20:08:41.022,1.83358,1.83399,1.63,1.76
2018.04.13 20:08:41.372,1.83362,1.83392,1.00,1.38
2018.04.13 20:08:41.423,1.83359,1.83397,1.44,1.38
2018.04.13 20:08:42.154,1.83361,1.83395,1.00,1.38
2018.04.13 20:08:42.666,1.83359,1.83396,1.63,1.38
2018.04.13 20:08:43.189,1.83357,1.83399,2.25,1.38
2018.04.13 20:08:43.720,1.83361,1.83398,1.00,1.38
2018.04.13 20:08:44.298,1.83361,1.83398,1.00,1.38
2018.04.13 20:08:44.807,1.8336,1.83397,1.12,1.38
2018.04.13 20:08:45.319,1.83358,1.83399,1.75,1.56
2018.04.13 20:08:46.172,1.83358,1.83399,1.81,1.56
2018.04.13 20:08:46.714,1.83358,1.83397,2.25,1.63
2018.04.13 20:08:47.229,1.83358,1.83399,1.81,1.71
2018.04.13 20:08:47.741,1.8336,1.83398,1.00,1.63
2018.04.13 20:08:48.282,1.8336,1.83397,1.25,1.38
2018.04.13 20:08:48.810,1.83359,1.83396,1.63,1.38
2018.04.13 20:08:49.311,1.83358,1.83399,1.75,1.56
2018.04.13 20:08:49.897,1.83361,1.83394,1.00,1.38
2018.04.13 20:08:50.564,1.83359,1.83396,1.81,1.38
2018.04.13 20:08:51.294,1.83361,1.83392,1.00,1.38
2018.04.13 20:08:51.397,1.83359,1.83397,1.25,1.38
2018.04.13 20:08:51.966,1.83356,1.83399,1.13,1.38
2018.04.13 20:08:52.479,1.83355,1.83398,2.81,2.06
2018.04.13 20:08:53.015,1.83357,1.83398,1.69,1.56
2018.04.13 20:08:54.518,1.83361,1.83391,1.44,1.25
2018.04.13 20:08:55.043,1.8336,1.83392,1.13,1.25
2018.04.13 20:08:55.705,1.83359,1.83395,1.63,1.75
2018.04.13 20:08:56.379,1.83359,1.83395,1.63,1.50
2018.04.13 20:08:56.896,1.83359,1.83393,1.38,1.38
2018.04.13 20:08:57.797,1.83361,1.83393,1.44,1.00
2018.04.13 20:08:58.154,1.83359,1.83398,1.19,1.19
2018.04.13 20:08:58.256,1.83359,1.83398,1.00,1.25
2018.04.13 20:08:58.820,1.83359,1.83398,1.12,1.44
2018.04.13 20:08:58.871,1.83359,1.83398,1.63,1.38
2018.04.13 20:08:59.181,1.83356,1.83399,2.06,1.56
2018.04.13 20:08:59.687,1.8336,1.83396,1.63,1.38
2018.04.13 20:09:00.790,1.83356,1.83398,2.63,1.38
2018.04.13 20:09:01.108,1.83359,1.83397,1.44,1.88
2018.04.13 20:09:01.639,1.83359,1.83397,1.44,1.88
2018.04.13 20:09:02.448,1.8336,1.83396,1.13,1.38
2018.04.13 20:09:03.676,1.8336,1.83396,1.25,1.88
2018.04.13 20:09:04.287,1.83356,1.83397,2.25,1.56
2018.04.13 20:09:05.159,1.8336,1.83396,1.25,1.38
2018.04.13 20:09:06.052,1.8336,1.83396,1.25,1.88
2018.04.13 20:09:06.595,1.83359,1.83397,1.31,1.88
2018.04.13 20:09:07.137,1.8336,1.83396,1.00,1.88
2018.04.13 20:09:07.800,1.83359,1.83396,1.31,1.38
2018.04.13 20:09:08.841,1.8336,1.83396,1.00,1.88
2018.04.13 20:09:09.634,1.83357,1.83396,1.75,1.38
2018.04.13 20:09:10.270,1.83359,1.83395,1.50,1.38
2018.04.13 20:09:10.830,1.8336,1.83397,1.44,2.06
2018.04.13 20:09:11.349,1.83361,1.83396,1.00,1.38
2018.04.13 20:09:11.872,1.83361,1.83396,1.00,1.63
2018.04.13 20:09:12.457,1.8336,1.83396,1.50,1.38
2018.04.13 20:09:13.119,1.83361,1.83396,1.13,1.38
2018.04.13 20:09:14.964,1.83356,1.83397,2.06,1.56
2018.04.13 20:09:15.356,1.83357,1.83397,1.94,1.63
2018.04.13 20:09:15.695,1.83356,1.83397,2.63,1.38
2018.04.13 20:09:15.966,1.83356,1.83397,2.81,1.38
2018.04.13 20:09:16.373,1.83356,1.83395,2.19,1.00
2018.04.13 20:09:16.425,1.83361,1.83397,1.00,1.88
2018.04.13 20:09:16.744,1.83357,1.83397,1.13,1.63
2018.04.13 20:09:17.314,1.83359,1.83395,1.19,1.38
2018.04.13 20:09:18.079,1.83361,1.83395,1.00,1.38
2018.04.13 20:09:18.610,1.83359,1.83396,1.44,1.63
2018.04.13 20:09:19.166,1.83359,1.83395,1.19,1.38
2018.04.13 20:09:19.753,1.8336,1.83396,1.25,1.63
2018.04.13 20:09:20.626,1.8336,1.83396,1.25,1.38
2018.04.13 20:09:21.932,1.83358,1.83396,1.69,2.25
2018.04.13 20:09:22.608,1.83357,1.83396,1.69,1.38
2018.04.13 20:09:23.154,1.83361,1.83395,1.00,1.56
2018.04.13 20:09:23.714,1.83359,1.83396,1.44,1.63
2018.04.13 20:09:24.285,1.83361,1.83395,1.00,1.38
2018.04.13 20:09:24.792,1.8336,1.83396,1.25,1.63
2018.04.13 20:09:25.366,1.83361,1.83396,1.00,1.63
2018.04.13 20:09:25.867,1.83357,1.83396,2.44,1.38
2018.04.13 20:09:26.370,1.8336,1.83395,1.37,1.38
2018.04.13 20:09:27.319,1.83358,1.83396,1.50,1.75
2018.04.13 20:09:28.443,1.83359,1.83396,1.50,1.38
2018.04.13 20:09:28.495,1.83359,1.83396,1.00,1.38
2018.04.13 20:09:29.020,1.83358,1.83396,1.88,1.38
2018.04.13 20:09:30.211,1.83359,1.83397,1.38,1.88
2018.04.13 20:09:30.729,1.83359,1.83398,1.00,2.25
2018.04.13 20:09:31.798,1.83359,1.83396,1.38,1.38
2018.04.13 20:09:32.337,1.83357,1.83397,1.88,1.56
2018.04.13 20:09:33.145,1.83357,1.83397,1.94,1.56
2018.04.13 20:09:33.649,1.8336,1.83396,1.31,1.38
2018.04.13 20:09:33.981,1.83357,1.83396,1.69,1.63
2018.04.13 20:09:34.590,1.8336,1.83396,1.00,1.63
2018.04.13 20:09:35.044,1.83357,1.83397,1.94,1.56
2018.04.13 20:09:35.562,1.83357,1.83397,1.94,1.56
2018.04.13 20:09:36.082,1.83357,1.83397,1.69,1.56
2018.04.13 20:09:36.644,1.8336,1.83393,1.38,1.38
2018.04.13 20:09:37.225,1.83356,1.83398,2.44,1.56
2018.04.13 20:09:37.782,1.83357,1.83398,2.06,1.56
2018.04.13 20:09:38.098,1.83363,1.83395,1.00,1.38
2018.04.13 20:09:38.149,1.83359,1.83396,1.63,1.38
2018.04.13 20:09:38.811,1.83356,1.83396,2.44,1.56
2018.04.13 20:09:38.964,1.83361,1.83395,1.44,1.44
2018.04.13 20:09:39.485,1.83361,1.83395,1.38,1.63
2018.04.13 20:09:40.221,1.83357,1.83396,1.88,1.44
2018.04.13 20:09:40.803,1.8336,1.83396,1.63,1.44
2018.04.13 20:09:41.330,1.83357,1.83397,2.63,1.81
2018.04.13 20:09:41.944,1.83357,1.83398,2.44,1.94
2018.04.13 20:09:42.148,1.83357,1.83398,2.44,1.94
2018.04.13 20:09:42.668,1.83357,1.83396,2.44,1.63
2018.04.13 20:09:43.866,1.83359,1.83397,1.75,1.88
2018.04.13 20:09:44.456,1.83361,1.83393,1.12,1.38
2018.04.13 20:09:44.967,1.8336,1.83396,1.81,1.38
2018.04.13 20:09:45.802,1.8336,1.83394,1.00,1.75
2018.04.13 20:09:46.603,1.83358,1.83397,1.31,1.75
2018.04.13 20:09:47.208,1.8336,1.83392,1.00,1.38
2018.04.13 20:09:48.213,1.83357,1.83395,1.88,1.75
2018.04.13 20:09:49.781,1.83358,1.83395,1.13,1.56
2018.04.13 20:09:50.720,1.83358,1.83393,1.56,1.38
2018.04.13 20:09:51.270,1.83358,1.83393,1.88,1.38
2018.04.13 20:09:51.786,1.83358,1.83393,1.56,1.38
2018.04.13 20:09:52.330,1.83358,1.83395,1.13,1.38
2018.04.13 20:09:52.866,1.83359,1.83391,1.31,1.25
2018.04.13 20:09:54.028,1.83358,1.83392,1.88,1.38
2018.04.13 20:09:55.068,1.83357,1.83394,1.88,1.38
2018.04.13 20:09:55.848,1.83358,1.83394,1.13,1.38
2018.04.13 20:09:56.508,1.83357,1.83392,1.88,1.44
2018.04.13 20:09:57.778,1.83358,1.83396,1.13,1.56
2018.04.13 20:09:57.982,1.83357,1.83396,1.88,2.06
2018.04.13 20:09:59.369,1.83358,1.83395,1.31,1.38
2018.04.13 20:09:59.916,1.83357,1.83395,1.31,1.38
2018.04.13 20:10:00.212,1.83359,1.83394,1.00,1.38
2018.04.13 20:10:00.624,1.83358,1.83396,1.13,1.56
2018.04.13 20:10:01.068,1.83358,1.83396,1.13,1.56
2018.04.13 20:10:01.590,1.83357,1.83396,1.13,1.63
2018.04.13 20:10:02.171,1.83356,1.83396,1.88,1.63
2018.04.13 20:10:03.129,1.83356,1.83397,1.88,1.56
2018.04.13 20:10:03.723,1.83357,1.83393,1.13,1.50
2018.04.13 20:10:04.243,1.83358,1.83393,1.75,1.38
2018.04.13 20:10:04.756,1.83359,1.83396,1.00,1.63
2018.04.13 20:10:05.267,1.83357,1.83398,1.13,1.56
2018.04.13 20:10:05.778,1.83359,1.83393,1.00,1.38
2018.04.13 20:10:06.157,1.83357,1.83392,1.75,1.00
2018.04.13 20:10:06.366,1.83357,1.83395,1.69,1.25
2018.04.13 20:10:06.519,1.83357,1.83395,1.88,1.38
2018.04.13 20:10:06.637,1.83357,1.83395,1.62,1.12
2018.04.13 20:10:07.150,1.83357,1.83396,1.19,1.25
2018.04.13 20:10:07.201,1.83357,1.83396,1.56,1.38
2018.04.13 20:10:07.304,1.83357,1.83396,1.44,1.25
2018.04.13 20:10:07.816,1.83357,1.83396,1.56,1.38
2018.04.13 20:10:10.476,1.83357,1.83396,2.06,1.63
2018.04.13 20:10:11.582,1.83357,1.83395,2.06,1.38
2018.04.13 20:10:12.179,1.83357,1.83396,2.06,1.63
2018.04.13 20:10:13.362,1.83357,1.83396,1.56,1.38
2018.04.13 20:10:13.881,1.83359,1.83393,1.31,1.38
2018.04.13 20:10:14.439,1.83359,1.83393,1.25,1.38
2018.04.13 20:10:14.971,1.83357,1.83396,1.44,2.06
2018.04.13 20:10:15.175,1.83357,1.83396,1.19,1.38
2018.04.13 20:10:15.529,1.83358,1.83394,1.31,1.19
2018.04.13 20:10:15.632,1.83357,1.83395,1.81,1.38
2018.04.13 20:10:15.735,1.83359,1.83398,1.00,1.25
2018.04.13 20:10:15.787,1.8336,1.83398,1.19,1.38
2018.04.13 20:10:15.838,1.8336,1.83398,1.19,1.00
2018.04.13 20:10:15.890,1.8336,1.83398,1.44,1.38
2018.04.13 20:10:16.302,1.8336,1.83398,1.69,1.38
2018.04.13 20:10:16.811,1.8336,1.834,1.44,2.06
2018.04.13 20:10:17.032,1.8336,1.834,1.19,1.63
2018.04.13 20:10:17.084,1.8336,1.834,1.19,1.63
2018.04.13 20:10:17.390,1.8336,1.83399,1.69,1.38
2018.04.13 20:10:17.647,1.8336,1.834,1.63,1.38
2018.04.13 20:10:18.150,1.83361,1.83399,1.37,1.38
2018.04.13 20:10:18.423,1.83361,1.83399,1.37,1.00
2018.04.13 20:10:18.926,1.83361,1.83399,1.37,1.44
2018.04.13 20:10:18.977,1.83361,1.83399,1.37,1.38
2018.04.13 20:10:19.283,1.8336,1.83399,1.63,1.38
2018.04.13 20:10:19.334,1.8336,1.83399,1.63,1.38
2018.04.13 20:10:19.436,1.8336,1.834,1.69,1.38
2018.04.13 20:10:19.678,1.8336,1.83401,1.63,1.44
2018.04.13 20:10:19.840,1.8336,1.83401,1.69,1.38
2018.04.13 20:10:20.150,1.8336,1.834,1.69,1.38
2018.04.13 20:10:20.685,1.8336,1.834,1.69,1.88
2018.04.13 20:10:20.737,1.8336,1.834,1.88,1.88
2018.04.13 20:10:20.788,1.8336,1.834,1.88,1.88
2018.04.13 20:10:21.096,1.8336,1.834,1.88,1.19
2018.04.13 20:10:21.148,1.8336,1.834,1.50,1.00
2018.04.13 20:10:21.459,1.8336,1.834,1.50,1.38
2018.04.13 20:10:21.799,1.83359,1.834,2.06,1.38
2018.04.13 20:10:22.155,1.8336,1.834,1.56,1.38
2018.04.13 20:10:22.772,1.83359,1.834,2.06,1.38
2018.04.13 20:10:23.287,1.8336,1.834,1.88,1.38
2018.04.13 20:10:23.851,1.83359,1.83399,2.63,1.19
2018.04.13 20:10:23.902,1.83359,1.83399,2.44,1.38
2018.04.13 20:10:24.033,1.83359,1.83399,2.63,1.38
2018.04.13 20:10:24.427,1.83361,1.83398,1.63,1.00
2018.04.13 20:10:24.630,1.83366,1.83403,1.13,1.38
2018.04.13 20:10:25.444,1.83367,1.83404,1.00,1.19
2018.04.13 20:10:25.968,1.83366,1.83404,1.69,1.38
2018.04.13 20:10:26.574,1.83367,1.83404,1.00,1.38
2018.04.13 20:10:27.257,1.83366,1.83403,1.69,1.38
2018.04.13 20:10:28.366,1.83367,1.83403,1.00,1.63
2018.04.13 20:10:29.040,1.83366,1.83403,1.69,1.38
2018.04.13 20:10:29.596,1.83367,1.83403,1.00,1.38
2018.04.13 20:10:29.955,1.8337,1.83401,1.00,1.38
2018.04.13 20:10:30.496,1.83371,1.83402,1.00,1.38
2018.04.13 20:10:31.429,1.83367,1.83404,1.44,1.63
2018.04.13 20:10:31.633,1.83371,1.83402,1.00,1.38
2018.04.13 20:10:32.199,1.83371,1.83402,1.00,1.38
2018.04.13 20:10:32.708,1.83367,1.83406,1.19,1.81
2018.04.13 20:10:32.938,1.83371,1.83403,1.00,1.38
2018.04.13 20:10:33.604,1.83371,1.83403,1.00,1.38
2018.04.13 20:10:33.711,1.83365,1.83406,1.94,1.56
2018.04.13 20:10:34.017,1.83371,1.83401,1.00,1.38
2018.04.13 20:10:34.477,1.83371,1.83401,1.00,1.38
2018.04.13 20:10:34.972,1.83366,1.83406,1.94,2.06
2018.04.13 20:10:35.125,1.83372,1.83402,1.00,1.38
2018.04.13 20:10:35.663,1.83372,1.83402,1.00,1.38
2018.04.13 20:10:36.251,1.83366,1.83406,2.06,2.06
2018.04.13 20:10:36.403,1.83372,1.83402,1.00,1.38
2018.04.13 20:10:36.783,1.83367,1.83406,2.06,1.56
2018.04.13 20:10:36.834,1.83371,1.83403,1.00,1.38
2018.04.13 20:10:37.685,1.83371,1.83403,1.00,1.38
2018.04.13 20:10:38.241,1.83372,1.83403,1.00,1.38
2018.04.13 20:10:38.857,1.83372,1.83403,1.00,1.38
2018.04.13 20:10:38.908,1.83367,1.83406,1.75,1.63
2018.04.13 20:10:38.959,1.83372,1.83402,1.00,1.44
2018.04.13 20:10:39.061,1.83367,1.83406,1.75,1.63
2018.04.13 20:10:39.416,1.8337,1.83403,1.00,1.38
2018.04.13 20:10:40.076,1.83367,1.83406,2.06,1.56
2018.04.13 20:10:40.992,1.83371,1.83404,1.00,1.38
2018.04.13 20:10:41.043,1.83367,1.83406,1.81,1.63
2018.04.13 20:10:41.094,1.83372,1.83403,1.00,1.38
2018.04.13 20:10:41.145,1.83368,1.83405,1.44,1.63
2018.04.13 20:10:41.196,1.83372,1.83402,1.00,1.38
2018.04.13 20:10:41.247,1.83368,1.83405,1.25,1.63
2018.04.13 20:10:41.298,1.83371,1.83403,1.00,1.38
2018.04.13 20:10:41.471,1.83371,1.83403,1.00,1.38
2018.04.13 20:10:42.390,1.83371,1.83403,1.00,1.38
2018.04.13 20:10:42.441,1.83368,1.83405,1.25,1.38
2018.04.13 20:10:42.493,1.83371,1.83403,1.00,1.38
2018.04.13 20:10:42.595,1.83368,1.83405,1.25,1.75
2018.04.13 20:10:42.772,1.8337,1.83403,1.00,1.38
2018.04.13 20:10:43.378,1.8337,1.83403,1.00,1.38
2018.04.13 20:10:43.553,1.83366,1.83406,2.44,1.38
2018.04.13 20:10:43.604,1.8337,1.83403,1.00,1.38
2018.04.13 20:10:44.951,1.83367,1.83406,1.44,2.44
2018.04.13 20:10:45.003,1.83369,1.83401,1.00,1.56
2018.04.13 20:10:45.191,1.83369,1.83401,1.00,1.00
2018.04.13 20:10:45.293,1.83366,1.83404,1.88,1.63
2018.04.13 20:10:45.546,1.83369,1.83402,1.00,1.25
2018.04.13 20:10:45.597,1.83369,1.83402,1.00,1.38
2018.04.13 20:10:45.750,1.83354,1.83395,1.00,1.56
2018.04.13 20:10:45.801,1.83352,1.83395,1.13,1.56
2018.04.13 20:10:45.902,1.83352,1.83394,1.81,1.38
2018.04.13 20:10:46.206,1.83355,1.83394,1.25,1.38
2018.04.13 20:10:46.308,1.83355,1.83394,1.00,1.38
2018.04.13 20:10:46.460,1.83354,1.83394,1.13,1.00
2018.04.13 20:10:46.511,1.83354,1.83394,1.88,1.38
2018.04.13 20:10:46.562,1.83361,1.83399,1.25,1.69
2018.04.13 20:10:46.613,1.83364,1.83399,1.00,1.13
2018.04.13 20:10:46.958,1.83364,1.83401,1.25,1.38
2018.04.13 20:10:47.282,1.83367,1.83401,1.00,1.88
2018.04.13 20:10:47.333,1.83367,1.83401,1.00,1.88
2018.04.13 20:10:47.436,1.83367,1.83401,1.00,1.88
2018.04.13 20:10:47.487,1.83364,1.83398,1.25,1.38
2018.04.13 20:10:47.618,1.83364,1.83398,1.00,1.44
2018.04.13 20:10:47.772,1.83364,1.83401,1.31,1.88
2018.04.13 20:10:47.823,1.83367,1.83397,1.00,1.00
2018.04.13 20:10:48.079,1.83366,1.83399,1.25,1.00
2018.04.13 20:10:48.287,1.83366,1.83399,1.31,1.38
2018.04.13 20:10:48.338,1.83366,1.83399,1.25,1.19
2018.04.13 20:10:48.683,1.83366,1.83399,1.25,1.38
2018.04.13 20:10:49.068,1.83367,1.83398,1.00,1.38
2018.04.13 20:10:49.606,1.83367,1.83397,1.00,1.19
2018.04.13 20:10:49.759,1.83367,1.83397,1.00,1.13
2018.04.13 20:10:49.810,1.83367,1.83397,1.25,1.38
2018.04.13 20:10:49.862,1.83364,1.83398,1.88,1.38
2018.04.13 20:10:49.913,1.83364,1.83398,2.06,1.38
2018.04.13 20:10:50.015,1.83364,1.83398,1.88,1.44
2018.04.13 20:10:50.156,1.83364,1.83403,1.63,1.81
2018.04.13 20:10:50.316,1.83364,1.83399,1.63,1.00
2018.04.13 20:10:50.591,1.83364,1.83399,1.63,1.38
2018.04.13 20:10:50.948,1.83364,1.83399,1.63,1.38
2018.04.13 20:10:50.999,1.83364,1.83399,1.44,1.38
2018.04.13 20:10:51.166,1.83364,1.83399,1.63,1.38
2018.04.13 20:10:51.730,1.83364,1.83399,1.44,1.19
2018.04.13 20:10:52.038,1.83364,1.83399,1.88,1.38
2018.04.13 20:10:52.090,1.83364,1.83399,1.31,1.38
2018.04.13 20:10:52.299,1.83365,1.83399,1.31,1.38
2018.04.13 20:10:52.798,1.83365,1.83399,1.25,1.38
2018.04.13 20:10:53.070,1.83365,1.83399,1.31,1.38
2018.04.13 20:10:53.198,1.83365,1.83399,1.25,1.38
2018.04.13 20:10:53.466,1.83365,1.83399,1.31,1.19
2018.04.13 20:10:53.970,1.83365,1.83399,1.25,1.38
2018.04.13 20:10:54.481,1.83365,1.83399,2.06,1.38
2018.04.13 20:10:54.586,1.83365,1.83399,1.69,1.38
2018.04.13 20:10:54.819,1.83365,1.83399,2.06,1.38
2018.04.13 20:10:55.338,1.83365,1.83399,1.69,1.38
2018.04.13 20:10:55.995,1.83365,1.83398,2.25,1.38
2018.04.13 20:10:56.098,1.83365,1.83398,2.25,1.38
2018.04.13 20:10:56.714,1.83365,1.83398,2.25,1.38
2018.04.13 20:10:57.274,1.83365,1.83398,2.25,1.38
2018.04.13 20:10:57.865,1.83365,1.83404,1.75,2.06
2018.04.13 20:10:58.397,1.83368,1.83397,1.00,1.38
2018.04.13 20:10:59.297,1.83368,1.83397,1.00,1.38
2018.04.13 20:10:59.846,1.83364,1.83404,1.94,2.06
2018.04.13 20:11:00.429,1.83366,1.83398,1.31,1.38
2018.04.13 20:11:00.927,1.83367,1.83399,1.00,1.38
2018.04.13 20:11:01.197,1.83368,1.83398,1.00,1.38
2018.04.13 20:11:01.248,1.83368,1.83398,1.00,1.38
2018.04.13 20:11:01.508,1.83366,1.83404,1.31,1.38
2018.04.13 20:11:01.610,1.83367,1.83398,1.13,1.38
2018.04.13 20:11:02.014,1.83368,1.83397,1.00,1.38
2018.04.13 20:11:02.217,1.83368,1.83397,1.00,1.38
2018.04.13 20:11:02.378,1.83368,1.83397,1.00,1.38
2018.04.13 20:11:03.053,1.83368,1.83397,1.00,1.38
2018.04.13 20:11:03.586,1.83366,1.83397,1.31,1.38
2018.04.13 20:11:04.130,1.83367,1.83397,1.25,1.38
2018.04.13 20:11:04.361,1.83367,1.83397,1.00,1.00
2018.04.13 20:11:04.565,1.83364,1.83405,1.56,1.38
2018.04.13 20:11:04.682,1.83364,1.83405,1.56,1.38
2018.04.13 20:11:05.030,1.83365,1.83405,1.63,1.56
2018.04.13 20:11:05.081,1.83367,1.83398,1.00,1.38
2018.04.13 20:11:05.589,1.83367,1.83398,1.25,1.38
2018.04.13 20:11:06.290,1.83367,1.83398,1.00,1.38
2018.04.13 20:11:06.858,1.83364,1.83403,1.88,1.38
2018.04.13 20:11:07.085,1.83367,1.83397,1.00,1.00
2018.04.13 20:11:07.461,1.83367,1.83397,1.25,1.38
2018.04.13 20:11:07.546,1.83367,1.83397,1.00,1.25
2018.04.13 20:11:08.088,1.83364,1.83404,1.81,1.56
2018.04.13 20:11:08.501,1.83366,1.83397,1.56,1.19
2018.04.13 20:11:08.654,1.83366,1.83397,1.56,1.38
2018.04.13 20:11:08.705,1.83364,1.83403,1.81,1.00
2018.04.13 20:11:08.808,1.83364,1.83399,2.25,1.00
2018.04.13 20:11:09.199,1.83364,1.83399,2.63,1.38
2018.04.13 20:11:09.749,1.83366,1.83399,1.69,1.38
2018.04.13 20:11:10.479,1.83366,1.83399,1.69,1.38
2018.04.13 20:11:10.814,1.83366,1.83399,1.31,1.38
2018.04.13 20:11:11.585,1.83366,1.83399,1.69,1.38
2018.04.13 20:11:12.095,1.83364,1.834,2.19,1.00
2018.04.13 20:11:12.460,1.83364,1.83399,2.63,1.44
2018.04.13 20:11:12.778,1.83366,1.83399,1.00,1.38
2018.04.13 20:11:12.982,1.83366,1.83399,1.00,1.00
2018.04.13 20:11:13.181,1.83366,1.83403,1.00,1.25
2018.04.13 20:11:13.335,1.83366,1.83399,1.00,1.25
2018.04.13 20:11:13.694,1.83366,1.83399,1.38,1.38
2018.04.13 20:11:13.924,1.83366,1.83399,1.00,1.00
2018.04.13 20:11:14.441,1.83366,1.83404,1.63,1.38
2018.04.13 20:11:15.222,1.83366,1.834,1.25,1.38
2018.04.13 20:11:15.858,1.83366,1.834,1.50,1.19
2018.04.13 20:11:16.410,1.83366,1.834,1.25,1.38
2018.04.13 20:11:16.730,1.83365,1.83399,2.81,1.38
2018.04.13 20:11:17.100,1.83365,1.83404,1.50,1.00
2018.04.13 20:11:17.151,1.83366,1.834,1.25,1.44
2018.04.13 20:11:17.480,1.83365,1.83401,1.50,1.88
2018.04.13 20:11:17.986,1.83364,1.834,1.69,1.38
2018.04.13 20:11:18.089,1.83364,1.834,2.00,1.38
2018.04.13 20:11:18.140,1.83364,1.83404,1.94,2.25
2018.04.13 20:11:18.191,1.83366,1.834,1.50,1.25
2018.04.13 20:11:18.496,1.83366,1.834,1.88,1.38
2018.04.13 20:11:18.649,1.83365,1.83401,1.13,1.00
2018.04.13 20:11:18.802,1.83366,1.83401,1.38,1.38
2018.04.13 20:11:18.904,1.83366,1.83401,1.38,1.25
2018.04.13 20:11:18.955,1.83366,1.83406,1.38,1.76
2018.04.13 20:11:19.305,1.83366,1.834,1.38,1.38
2018.04.13 20:11:19.356,1.83365,1.834,1.44,1.19
2018.04.13 20:11:20.384,1.83365,1.834,1.44,1.38
2018.04.13 20:11:20.773,1.83365,1.834,1.31,1.38
2018.04.13 20:11:21.622,1.83365,1.834,1.88,1.19
2018.04.13 20:11:21.673,1.83365,1.834,2.25,1.00
2018.04.13 20:11:21.963,1.83366,1.834,1.00,1.38
2018.04.13 20:11:22.165,1.83366,1.83405,1.00,1.00
2018.04.13 20:11:22.267,1.83366,1.83405,1.00,1.81
2018.04.13 20:11:22.807,1.83366,1.83402,1.50,1.38
2018.04.13 20:11:23.097,1.83366,1.83401,1.88,1.00
2018.04.13 20:11:23.214,1.83366,1.83401,1.88,1.38
2018.04.13 20:11:23.317,1.83366,1.83405,1.00,1.25
2018.04.13 20:11:23.368,1.83366,1.83405,1.00,1.38
2018.04.13 20:11:23.674,1.83366,1.83402,1.69,1.38
2018.04.13 20:11:24.383,1.83365,1.83404,1.19,1.63
2018.04.13 20:11:24.917,1.83367,1.834,1.31,1.38
2018.04.13 20:11:25.523,1.83364,1.83405,2.06,1.88
2018.04.13 20:11:25.726,1.83365,1.83405,1.38,1.50
2018.04.13 20:11:25.780,1.83366,1.83405,1.44,2.06
2018.04.13 20:11:26.109,1.83367,1.83401,1.13,1.38
2018.04.13 20:11:26.644,1.83365,1.83405,1.56,2.06
2018.04.13 20:11:27.208,1.83367,1.83402,1.00,1.38
2018.04.13 20:11:27.311,1.83367,1.83402,1.25,1.00
2018.04.13 20:11:27.566,1.83367,1.83402,1.00,1.38
2018.04.13 20:11:27.618,1.83367,1.83402,1.00,1.00
2018.04.13 20:11:27.669,1.83367,1.83402,1.00,1.38
2018.04.13 20:11:28.023,1.83367,1.83402,1.00,1.38
2018.04.13 20:11:28.561,1.83367,1.83402,1.69,1.00
2018.04.13 20:11:28.612,1.83367,1.83402,2.06,1.38
2018.04.13 20:11:29.158,1.83367,1.83402,2.06,1.38
2018.04.13 20:11:29.735,1.83366,1.83398,1.25,1.13
2018.04.13 20:11:30.403,1.83366,1.83398,1.69,1.44
2018.04.13 20:11:30.763,1.83367,1.834,1.38,1.00
2018.04.13 20:11:31.084,1.83367,1.834,1.38,1.00
2018.04.13 20:11:31.389,1.83366,1.83406,1.50,1.38
2018.04.13 20:11:31.440,1.83367,1.83401,1.38,1.00
2018.04.13 20:11:31.492,1.83366,1.83405,1.50,1.38
2018.04.13 20:11:31.768,1.83366,1.834,1.50,1.00
2018.04.13 20:11:32.014,1.83366,1.83405,1.50,1.38
2018.04.13 20:11:32.457,1.83366,1.834,1.88,1.00
2018.04.13 20:11:32.508,1.83366,1.83403,1.38,1.25
2018.04.13 20:11:32.560,1.83366,1.83403,1.63,1.38
2018.04.13 20:11:33.099,1.83366,1.83403,1.38,1.38
2018.04.13 20:11:33.637,1.83368,1.834,1.38,1.00
2018.04.13 20:11:34.237,1.83367,1.83406,1.50,1.38
2018.04.13 20:11:35.730,1.83366,1.83406,1.75,1.56
2018.04.13 20:11:36.252,1.83367,1.83401,2.25,1.25
2018.04.13 20:11:36.783,1.83368,1.83401,1.63,1.44
2018.04.13 20:11:37.528,1.83367,1.83407,1.88,2.25
2018.04.13 20:11:38.053,1.83369,1.83402,1.38,1.38
2018.04.13 20:11:38.381,1.83369,1.83402,1.00,1.38
2018.04.13 20:11:38.763,1.83366,1.83403,1.50,1.38
2018.04.13 20:11:39.292,1.83366,1.83403,1.25,1.38
2018.04.13 20:11:39.446,1.83369,1.834,1.44,1.00
2018.04.13 20:11:39.770,1.83365,1.83397,3.00,1.00
2018.04.13 20:11:39.895,1.83366,1.83401,1.63,1.25
2018.04.13 20:11:40.398,1.83367,1.83402,1.50,1.38
2018.04.13 20:11:41.169,1.83367,1.83402,1.63,1.38
2018.04.13 20:11:41.719,1.83369,1.83401,1.00,1.38
2018.04.13 20:11:42.159,1.83368,1.83401,1.63,1.44
2018.04.13 20:11:42.709,1.83367,1.83403,1.63,1.38
2018.04.13 20:11:43.491,1.83367,1.83402,1.38,1.38
2018.04.13 20:11:44.140,1.83366,1.83402,1.50,1.44
2018.04.13 20:11:44.655,1.83367,1.83401,1.56,1.44
2018.04.13 20:11:45.364,1.83367,1.83402,1.38,1.38
2018.04.13 20:11:45.985,1.83367,1.83406,1.50,2.06
2018.04.13 20:11:46.271,1.83372,1.83405,1.00,1.38
2018.04.13 20:11:46.965,1.83372,1.83405,1.00,1.38
2018.04.13 20:11:47.548,1.83368,1.83406,1.38,1.56
2018.04.13 20:11:49.181,1.83367,1.83406,2.63,1.50
2018.04.13 20:11:49.500,1.83367,1.83406,1.50,1.63
2018.04.13 20:11:49.871,1.8337,1.83405,1.00,2.06
2018.04.13 20:11:50.403,1.8337,1.83405,1.25,1.63
2018.04.13 20:11:51.209,1.83366,1.83406,2.63,1.56
2018.04.13 20:11:51.753,1.83367,1.83406,1.88,2.00
2018.04.13 20:11:52.109,1.8337,1.83403,1.25,1.38
2018.04.13 20:11:52.907,1.83371,1.83405,1.00,1.38
2018.04.13 20:11:53.420,1.83371,1.83404,1.25,1.38
2018.04.13 20:11:53.522,1.83369,1.83405,1.38,1.38
2018.04.13 20:11:55.040,1.83364,1.83406,1.75,2.44
2018.04.13 20:11:55.373,1.8337,1.83404,1.38,1.31
2018.04.13 20:11:55.885,1.83368,1.83404,1.38,1.63
2018.04.13 20:11:55.986,1.83364,1.83405,1.63,1.88
2018.04.13 20:11:56.037,1.83364,1.83405,1.38,1.56
2018.04.13 20:11:56.572,1.83364,1.83404,1.50,1.63
2018.04.13 20:11:57.073,1.83367,1.83402,1.00,1.38
2018.04.13 20:11:58.224,1.83367,1.83402,1.25,1.38
2018.04.13 20:11:58.851,1.83367,1.83402,1.00,1.38
2018.04.13 20:11:59.130,1.83367,1.83402,1.00,1.38
2018.04.13 20:11:59.182,1.83365,1.83404,1.25,2.81
2018.04.13 20:11:59.439,1.83367,1.83403,1.00,1.38
2018.04.13 20:11:59.981,1.83367,1.83403,1.00,1.38
2018.04.13 20:12:00.032,1.83363,1.83404,1.88,2.44
2018.04.13 20:12:00.392,1.83367,1.83401,1.00,1.25
2018.04.13 20:12:00.443,1.83367,1.83401,1.00,1.38
2018.04.13 20:12:00.932,1.83363,1.83402,1.56,1.63
2018.04.13 20:12:01.491,1.83367,1.83399,1.00,1.38
2018.04.13 20:12:02.141,1.83367,1.83399,1.00,1.38
2018.04.13 20:12:02.330,1.83365,1.83399,1.25,1.38
2018.04.13 20:12:02.879,1.83365,1.83399,1.44,1.38
2018.04.13 20:12:03.091,1.83365,1.83401,1.38,1.63
2018.04.13 20:12:03.397,1.83365,1.83401,1.63,1.25
2018.04.13 20:12:03.602,1.83366,1.83401,1.38,1.38
2018.04.13 20:12:04.121,1.83363,1.83401,1.56,1.38
2018.04.13 20:12:04.940,1.83362,1.83401,1.56,1.56
2018.04.13 20:12:05.794,1.83362,1.83401,1.56,1.38
2018.04.13 20:12:06.707,1.83365,1.83401,1.56,1.38
2018.04.13 20:12:06.759,1.83361,1.83401,1.50,1.75
2018.04.13 20:12:06.811,1.83362,1.83396,1.38,1.00
2018.04.13 20:12:07.234,1.83364,1.83397,1.00,1.38
2018.04.13 20:12:07.739,1.83362,1.83398,1.38,1.38
2018.04.13 20:12:08.018,1.83362,1.83398,1.38,1.38
2018.04.13 20:12:08.681,1.83364,1.83395,1.13,1.00
2018.04.13 20:12:08.842,1.83358,1.83399,2.44,1.44
2018.04.13 20:12:09.542,1.8336,1.83401,1.69,1.56
2018.04.13 20:12:10.077,1.83365,1.834,1.44,1.38
2018.04.13 20:12:10.811,1.83359,1.83401,1.94,1.56
2018.04.13 20:12:11.912,1.8336,1.83401,1.38,1.63
2018.04.13 20:12:12.437,1.83359,1.83401,1.88,1.56
2018.04.13 20:12:13.420,1.83364,1.83397,1.38,1.00
2018.04.13 20:12:14.225,1.83366,1.83401,1.38,1.38
2018.04.13 20:12:14.683,1.83361,1.83401,2.63,1.38
2018.04.13 20:12:15.208,1.83361,1.83401,1.13,1.75
2018.04.13 20:12:15.751,1.83365,1.83398,1.38,1.38
2018.04.13 20:12:16.413,1.83363,1.83399,1.38,1.38
2018.04.13 20:12:16.922,1.83363,1.83398,1.38,1.38
2018.04.13 20:12:17.421,1.83363,1.83396,1.44,1.25
2018.04.13 20:12:17.968,1.83362,1.83398,1.75,1.38
2018.04.13 20:12:18.807,1.83361,1.83398,1.88,1.88
2018.04.13 20:12:19.347,1.83362,1.83398,1.69,1.38
2018.04.13 20:12:20.521,1.8336,1.834,2.19,1.63
2018.04.13 20:12:21.082,1.83361,1.834,2.19,1.38
2018.04.13 20:12:22.177,1.83361,1.834,1.63,1.56
2018.04.13 20:12:22.347,1.83363,1.83399,1.44,1.38
2018.04.13 20:12:23.208,1.83362,1.834,1.44,1.38
2018.04.13 20:12:23.770,1.83364,1.83399,1.00,1.38
2018.04.13 20:12:24.298,1.83361,1.834,1.69,1.38
2018.04.13 20:12:24.828,1.83361,1.834,1.94,1.56
2018.04.13 20:12:26.628,1.8336,1.83398,1.88,1.63
2018.04.13 20:12:27.472,1.83361,1.83396,1.50,1.38
2018.04.13 20:12:28.016,1.83365,1.83396,1.00,1.38
2018.04.13 20:12:28.671,1.83365,1.83397,1.00,1.88
2018.04.13 20:12:28.978,1.83363,1.83397,1.25,1.38
2018.04.13 20:12:29.199,1.83365,1.83397,1.00,1.88
2018.04.13 20:12:29.347,1.83369,1.834,1.00,1.00
2018.04.13 20:12:29.398,1.83365,1.83402,1.00,1.50
2018.04.13 20:12:42.993,1.83365,1.83402,1.44,1.00
2018.04.13 20:12:48.810,1.83366,1.83403,1.00,1.25
2018.04.13 20:12:49.370,1.83366,1.83406,1.25,1.00
2018.04.13 20:12:49.618,1.8337,1.8341,2.62,1.00
2018.04.13 20:12:49.670,1.83378,1.83415,1.56,1.50
2018.04.13 20:12:49.722,1.8338,1.83418,1.25,1.00
2018.04.13 20:12:49.774,1.83383,1.83418,1.00,1.00
2018.04.13 20:12:50.331,1.83383,1.83419,1.00,1.00
2018.04.13 20:12:50.833,1.8338,1.83419,1.25,1.00
2018.04.13 20:12:51.368,1.8338,1.83418,1.31,1.00
2018.04.13 20:12:51.471,1.8338,1.8342,1.25,1.00
2018.04.13 20:12:52.287,1.8338,1.8342,1.69,1.00
2018.04.13 20:12:52.831,1.8338,1.8342,1.69,1.00
2018.04.13 20:12:55.471,1.83381,1.83421,1.44,1.00
2018.04.13 20:12:56.201,1.83384,1.83421,1.44,1.00
2018.04.13 20:12:56.253,1.8339,1.83426,1.00,1.00
2018.04.13 20:12:56.305,1.8339,1.83426,2.06,1.50
2018.04.13 20:12:56.624,1.83393,1.83429,1.00,1.00
2018.04.13 20:12:57.138,1.83393,1.8343,1.00,1.50
2018.04.13 20:12:57.722,1.83393,1.83429,1.00,1.00
2018.04.13 20:12:58.266,1.83393,1.83428,1.00,1.00
2018.04.13 20:12:59.169,1.83393,1.83429,1.00,1.00
2018.04.13 20:12:59.725,1.83393,1.83428,1.00,1.00
2018.04.13 20:13:00.136,1.83393,1.8343,1.00,1.00
2018.04.13 20:13:00.288,1.83393,1.83427,1.00,1.00
2018.04.13 20:13:00.544,1.83393,1.8343,1.00,1.00
2018.04.13 20:13:03.048,1.83402,1.83431,1.00,1.00
2018.04.13 20:13:03.100,1.83405,1.83436,1.00,1.00
2018.04.13 20:13:03.152,1.83405,1.83441,2.25,1.00
2018.04.13 20:13:03.204,1.83412,1.83448,1.00,1.00
2018.04.13 20:13:03.256,1.83408,1.83452,1.00,1.56
2018.04.13 20:13:03.359,1.83408,1.83445,1.00,1.00
2018.04.13 20:13:03.717,1.83405,1.83445,2.06,1.00
2018.04.13 20:13:03.871,1.83405,1.83445,1.62,1.56
2018.04.13 20:13:04.202,1.83405,1.83443,2.05,1.25
2018.04.13 20:13:04.734,1.83405,1.83444,1.61,1.31
2018.04.13 20:13:05.445,1.83405,1.83444,1.36,1.31
2018.04.13 20:13:05.989,1.83405,1.83444,1.11,1.31
2018.04.13 20:13:06.594,1.83405,1.83442,1.25,1.00
2018.04.13 20:13:08.415,1.83405,1.83443,1.00,1.00
2018.04.13 20:13:10.222,1.83405,1.83443,1.37,1.25
2018.04.13 20:13:11.139,1.83405,1.83443,1.12,1.00
2018.04.13 20:13:11.699,1.83405,1.83444,1.37,1.00
2018.04.13 20:13:14.332,1.83405,1.83444,1.37,1.00
2018.04.13 20:13:16.988,1.83405,1.83444,1.25,1.00
2018.04.13 20:13:19.151,1.83405,1.83442,1.25,1.00
2018.04.13 20:13:20.665,1.83405,1.83443,1.00,1.00
2018.04.13 20:13:21.183,1.83405,1.83442,1.25,1.00
2018.04.13 20:13:22.081,1.83405,1.83441,1.00,1.00
2018.04.13 20:13:22.616,1.83405,1.83442,1.00,1.00
2018.04.13 20:13:23.118,1.83405,1.83443,1.00,1.00
2018.04.13 20:13:29.040,1.83405,1.83443,1.19,1.00
2018.04.13 20:13:29.439,1.83405,1.83443,1.37,1.00
2018.04.13 20:13:30.055,1.83405,1.83443,1.44,1.00
2018.04.13 20:13:30.580,1.83405,1.83443,1.44,1.00
2018.04.13 20:13:31.630,1.83405,1.83443,1.37,1.00
2018.04.13 20:13:34.673,1.83405,1.83443,1.00,1.00
2018.04.13 20:13:36.231,1.83405,1.83444,1.00,1.00
2018.04.13 20:13:36.337,1.83405,1.83444,1.37,1.00
2018.04.13 20:13:37.294,1.83405,1.83444,1.37,1.00
2018.04.13 20:13:37.771,1.83405,1.83444,1.37,1.00
2018.04.13 20:13:39.039,1.83405,1.83444,1.37,1.00
2018.04.13 20:13:39.876,1.83405,1.83444,1.37,1.00
2018.04.13 20:13:40.405,1.83405,1.83444,1.37,1.00
2018.04.13 20:13:41.305,1.83405,1.83444,1.44,1.00
2018.04.13 20:13:42.067,1.83405,1.83444,1.37,1.00
2018.04.13 20:13:42.715,1.83405,1.83445,1.37,1.25
2018.04.13 20:13:43.308,1.83405,1.83446,1.37,1.25
2018.04.13 20:13:43.825,1.83405,1.83446,1.37,1.44
2018.04.13 20:13:44.365,1.83405,1.83446,1.37,1.25
2018.04.13 20:13:45.017,1.83405,1.83445,1.37,1.00
2018.04.13 20:13:45.765,1.83405,1.83445,1.37,1.00
2018.04.13 20:13:45.985,1.83405,1.83444,1.25,1.00
2018.04.13 20:13:47.147,1.83405,1.83441,1.00,1.00
2018.04.13 20:13:47.656,1.83405,1.83442,1.00,1.00
2018.04.13 20:13:48.188,1.83405,1.83443,1.00,1.00
2018.04.13 20:13:49.099,1.83405,1.83444,1.00,1.25
2018.04.13 20:13:49.733,1.83405,1.83444,1.25,1.44
2018.04.13 20:13:54.779,1.83405,1.83444,1.00,1.25
2018.04.13 20:13:55.318,1.83405,1.83444,1.44,1.44
2018.04.13 20:13:55.829,1.83405,1.83444,1.37,1.44
2018.04.13 20:13:56.666,1.83405,1.83444,1.44,1.00
2018.04.13 20:13:57.542,1.83405,1.83444,1.12,1.00
2018.04.13 20:13:57.914,1.83405,1.83444,1.37,1.00
2018.04.13 20:13:59.169,1.83405,1.83445,1.37,1.00
2018.04.13 20:14:01.382,1.83405,1.83447,1.19,2.25
2018.04.13 20:14:01.904,1.83405,1.83447,1.00,2.06
2018.04.13 20:14:02.413,1.83405,1.83447,1.25,2.06
2018.04.13 20:14:02.969,1.83405,1.83448,1.25,2.81
2018.04.13 20:14:03.089,1.83405,1.83448,1.25,2.81
2018.04.13 20:14:03.629,1.83402,1.83448,1.81,2.06
2018.04.13 20:14:04.169,1.83402,1.83448,1.81,1.87
2018.04.13 20:14:04.692,1.83402,1.83448,2.06,1.87
2018.04.13 20:14:04.743,1.83402,1.83448,2.25,2.06
2018.04.13 20:14:05.377,1.83402,1.83447,2.25,1.25
2018.04.13 20:14:05.969,1.83403,1.83448,1.75,1.00
2018.04.13 20:14:06.516,1.83404,1.83447,1.75,1.25
2018.04.13 20:14:07.484,1.83404,1.83448,1.81,1.87
2018.04.13 20:14:08.479,1.83402,1.83448,1.75,1.31
2018.04.13 20:14:09.205,1.83402,1.83449,1.75,1.69
2018.04.13 20:14:09.792,1.83403,1.83448,1.75,1.44
2018.04.13 20:14:11.581,1.83403,1.83448,1.81,1.87
2018.04.13 20:14:12.531,1.83403,1.83448,1.94,1.25
2018.04.13 20:14:13.095,1.83403,1.83448,1.94,1.25
2018.04.13 20:14:13.689,1.83403,1.83448,1.94,1.31
2018.04.13 20:14:13.995,1.8341,1.83448,1.00,2.25
2018.04.13 20:14:14.746,1.8341,1.83448,1.00,2.00
2018.04.13 20:14:16.501,1.8341,1.83448,1.00,1.75
2018.04.13 20:14:20.408,1.8341,1.83448,1.00,1.75
2018.04.13 20:14:21.009,1.8341,1.83449,1.00,2.25
2018.04.13 20:14:21.596,1.8341,1.83449,1.00,2.25
2018.04.13 20:14:22.514,1.8341,1.83449,1.00,1.69
2018.04.13 20:14:23.052,1.8341,1.83449,1.00,1.50
2018.04.13 20:14:23.617,1.8341,1.83448,1.00,1.00
2018.04.13 20:14:24.245,1.8341,1.83449,1.00,1.69
2018.04.13 20:14:25.217,1.8341,1.83448,1.00,1.00
2018.04.13 20:14:27.095,1.8341,1.83449,1.00,2.44
2018.04.13 20:14:27.721,1.83411,1.8345,1.00,1.19
2018.04.13 20:14:28.340,1.83411,1.8345,1.00,1.19
2018.04.13 20:14:28.478,1.83411,1.8345,1.00,1.25
2018.04.13 20:14:28.705,1.83411,1.8345,1.00,1.31
2018.04.13 20:14:28.838,1.83411,1.8345,1.00,1.12
2018.04.13 20:14:29.037,1.83411,1.83449,1.00,1.19
2018.04.13 20:14:29.412,1.83414,1.83452,1.44,1.38
2018.04.13 20:14:29.467,1.83415,1.83452,1.00,1.00
2018.04.13 20:14:29.785,1.83415,1.83451,1.00,1.19
2018.04.13 20:14:30.093,1.83415,1.83451,1.00,1.56
2018.04.13 20:14:30.418,1.83415,1.83449,1.00,1.56
2018.04.13 20:14:31.012,1.83411,1.83452,1.38,2.25
2018.04.13 20:14:31.066,1.83411,1.83452,1.38,2.25
2018.04.13 20:14:31.117,1.83411,1.83452,1.44,2.25
2018.04.13 20:14:31.507,1.83411,1.83445,1.38,1.00
2018.04.13 20:14:31.558,1.83411,1.83451,1.38,1.56
2018.04.13 20:14:31.762,1.83411,1.83452,1.43,1.75
2018.04.13 20:14:31.813,1.83411,1.83452,1.37,1.50
2018.04.13 20:14:32.079,1.83411,1.83451,1.00,1.87
2018.04.13 20:14:32.661,1.83411,1.83451,1.44,1.50
2018.04.13 20:14:32.984,1.83415,1.83452,1.36,1.81
2018.04.13 20:14:33.585,1.83415,1.83452,1.36,1.63
2018.04.13 20:14:34.275,1.83415,1.83452,1.36,1.81
2018.04.13 20:14:35.147,1.83415,1.83452,1.36,1.81
2018.04.13 20:14:35.401,1.83415,1.83451,1.00,1.37
2018.04.13 20:14:35.989,1.83415,1.83451,1.36,1.75
2018.04.13 20:14:36.512,1.83415,1.83451,1.42,1.75
2018.04.13 20:14:37.090,1.83415,1.83451,1.38,1.88
2018.04.13 20:14:37.608,1.83415,1.83448,1.44,1.00
2018.04.13 20:14:40.415,1.83411,1.83451,1.38,1.88
2018.04.13 20:14:40.721,1.83414,1.83451,1.38,1.94
2018.04.13 20:14:41.292,1.83415,1.83451,1.38,2.00
2018.04.13 20:14:42.196,1.83414,1.83451,1.38,1.94
2018.04.13 20:14:42.921,1.83412,1.83451,1.38,2.00
2018.04.13 20:14:44.944,1.83415,1.83451,1.38,1.94
2018.04.13 20:14:45.794,1.83414,1.83451,1.38,2.00
2018.04.13 20:14:46.874,1.83415,1.83451,1.38,1.75
2018.04.13 20:14:47.386,1.83415,1.83451,1.38,1.81
2018.04.13 20:14:48.134,1.83415,1.83452,1.38,1.75
2018.04.13 20:14:48.725,1.83415,1.83452,1.38,1.75
2018.04.13 20:14:49.394,1.83415,1.83452,1.38,1.94
2018.04.13 20:14:50.120,1.83415,1.83452,1.38,1.94
2018.04.13 20:14:50.648,1.83411,1.83451,1.38,1.69
2018.04.13 20:14:51.181,1.83411,1.83451,1.38,1.69
2018.04.13 20:14:52.181,1.83411,1.83451,1.63,1.94
2018.04.13 20:14:53.452,1.83411,1.83451,1.50,1.94
2018.04.13 20:14:53.535,1.83411,1.83451,1.38,2.00
2018.04.13 20:14:54.255,1.83411,1.83451,1.63,1.94
2018.04.13 20:14:54.795,1.83411,1.83451,1.63,1.94
2018.04.13 20:14:54.961,1.83411,1.83451,1.63,1.94
2018.04.13 20:14:55.478,1.83411,1.83451,1.38,1.69
2018.04.13 20:14:55.872,1.83411,1.83451,1.38,1.69
2018.04.13 20:14:56.395,1.83411,1.83451,1.38,1.88
2018.04.13 20:14:56.975,1.83411,1.83451,1.63,1.94
2018.04.13 20:14:57.527,1.83411,1.8345,1.38,1.13
2018.04.13 20:14:58.036,1.83411,1.83449,1.69,1.13
2018.04.13 20:14:58.756,1.83411,1.83451,1.38,2.06
2018.04.13 20:14:59.301,1.83411,1.8345,1.69,1.13
2018.04.13 20:14:59.844,1.83411,1.83449,1.38,1.13
2018.04.13 20:15:00.358,1.83411,1.83451,1.38,2.44
2018.04.13 20:15:00.460,1.83415,1.83451,1.31,1.00
2018.04.13 20:15:00.512,1.83421,1.83453,1.95,1.00
2018.04.13 20:15:00.563,1.83424,1.83466,1.38,1.81
2018.04.13 20:15:00.615,1.83427,1.8347,2.06,1.75
2018.04.13 20:15:00.667,1.8343,1.83474,1.56,1.63
2018.04.13 20:15:00.718,1.83436,1.83473,1.38,1.38
2018.04.13 20:15:01.056,1.83436,1.83473,1.25,1.38
2018.04.13 20:15:01.583,1.83436,1.83473,1.44,1.38
2018.04.13 20:15:01.787,1.83436,1.83473,1.25,1.38
2018.04.13 20:15:01.991,1.83436,1.83473,1.19,1.38
2018.04.13 20:15:02.142,1.83436,1.83473,1.25,1.38
2018.04.13 20:15:02.502,1.83436,1.83473,1.19,1.38
2018.04.13 20:15:02.747,1.83436,1.83473,1.25,1.38
2018.04.13 20:15:03.237,1.83431,1.83476,1.31,2.25
2018.04.13 20:15:03.340,1.83428,1.83473,1.38,1.69
2018.04.13 20:15:03.391,1.83426,1.83473,1.63,1.50
2018.04.13 20:15:03.443,1.83426,1.83473,1.38,1.69
2018.04.13 20:15:03.761,1.83426,1.83472,1.63,1.75
2018.04.13 20:15:04.339,1.83426,1.83472,1.38,1.75
2018.04.13 20:15:05.221,1.83426,1.83471,1.56,1.56
2018.04.13 20:15:05.830,1.83426,1.83471,1.38,1.94
2018.04.13 20:15:06.564,1.83427,1.83471,1.38,1.75
2018.04.13 20:15:07.090,1.83427,1.83471,1.38,2.14
2018.04.13 20:15:07.469,1.83427,1.83468,1.38,1.63
2018.04.13 20:15:07.660,1.83427,1.83468,1.38,1.63
2018.04.13 20:15:07.711,1.83427,1.83468,1.38,1.56
2018.04.13 20:15:08.223,1.83423,1.83471,1.56,2.25
2018.04.13 20:15:08.922,1.83427,1.8347,1.38,1.75
2018.04.13 20:15:08.973,1.83423,1.83471,1.94,1.75
2018.04.13 20:15:09.026,1.8343,1.83469,1.13,1.75
2018.04.13 20:15:09.453,1.83427,1.83468,1.38,1.56
2018.04.13 20:15:09.957,1.83422,1.8347,1.75,1.81
2018.04.13 20:15:10.806,1.83425,1.8347,1.75,2.25
2018.04.13 20:15:10.858,1.83422,1.8347,2.06,1.75
2018.04.13 20:15:10.909,1.83424,1.8347,1.44,1.13
2018.04.13 20:15:11.983,1.83421,1.83471,2.44,1.75
2018.04.13 20:15:12.085,1.83427,1.83466,1.00,1.38
2018.04.13 20:15:12.137,1.83427,1.83466,1.00,1.38
2018.04.13 20:15:12.454,1.83422,1.83471,1.75,1.75
2018.04.13 20:15:12.721,1.83424,1.83468,1.25,1.38
2018.04.13 20:15:12.772,1.83424,1.83468,1.25,1.38
2018.04.13 20:15:12.824,1.83422,1.83471,1.75,1.75
2018.04.13 20:15:13.183,1.83425,1.83466,1.25,1.56
2018.04.13 20:15:13.356,1.83424,1.83469,1.31,1.56
2018.04.13 20:15:13.577,1.83425,1.8347,1.13,1.88
2018.04.13 20:15:13.628,1.83425,1.8347,1.13,1.88
2018.04.13 20:15:13.947,1.83421,1.83469,1.81,1.69
2018.04.13 20:15:14.100,1.83424,1.83466,1.31,1.00
2018.04.13 20:15:14.151,1.83424,1.83466,1.31,1.38
2018.04.13 20:15:14.355,1.83421,1.83472,1.56,1.94
2018.04.13 20:15:14.407,1.83424,1.83468,1.44,1.63
2018.04.13 20:15:14.611,1.83421,1.83468,1.56,1.44
2018.04.13 20:15:14.775,1.83421,1.83468,1.81,1.75
2018.04.13 20:15:15.111,1.83421,1.83468,1.81,1.75
2018.04.13 20:15:15.428,1.83422,1.83469,1.50,1.13
2018.04.13 20:15:15.982,1.83421,1.83469,2.00,1.13
2018.04.13 20:15:16.185,1.83424,1.83466,1.00,1.38
2018.04.13 20:15:16.392,1.83424,1.83466,1.00,1.38
2018.04.13 20:15:16.781,1.83422,1.83467,1.50,1.19
2018.04.13 20:15:16.832,1.83422,1.83467,1.31,1.50
2018.04.13 20:15:17.138,1.83424,1.83468,1.44,1.88
2018.04.13 20:15:17.253,1.83423,1.8347,1.38,1.94
2018.04.13 20:15:17.304,1.83423,1.83472,1.94,1.81
2018.04.13 20:15:17.611,1.83422,1.83471,2.63,1.13
2018.04.13 20:15:17.662,1.83422,1.83472,2.25,2.63
2018.04.13 20:15:17.714,1.83424,1.8347,1.25,2.25
2018.04.13 20:15:18.071,1.83422,1.8347,1.63,1.75
2018.04.13 20:15:18.318,1.83421,1.83471,2.06,1.88
2018.04.13 20:15:18.370,1.83421,1.83468,2.06,1.38
2018.04.13 20:15:18.421,1.83423,1.83466,1.25,1.56
2018.04.13 20:15:18.979,1.83423,1.83466,1.25,1.75
2018.04.13 20:15:19.628,1.83423,1.83466,1.25,1.75
2018.04.13 20:15:20.138,1.83422,1.83467,1.44,1.75
2018.04.13 20:15:20.675,1.83422,1.83468,1.44,1.75
2018.04.13 20:15:21.191,1.83424,1.83466,1.00,1.38
2018.04.13 20:15:21.588,1.83423,1.83469,1.56,1.88
2018.04.13 20:15:21.791,1.83423,1.8347,1.25,2.44
2018.04.13 20:15:21.896,1.83423,1.8347,1.00,2.44
2018.04.13 20:15:22.352,1.83423,1.83468,1.00,1.94
2018.04.13 20:15:22.532,1.83423,1.83468,1.00,1.94
2018.04.13 20:15:22.634,1.8342,1.83468,1.56,2.44
2018.04.13 20:15:23.296,1.8342,1.83468,1.56,2.44
2018.04.13 20:15:23.348,1.8342,1.83468,1.56,2.44
2018.04.13 20:15:23.654,1.8342,1.83468,1.56,2.44
2018.04.13 20:15:23.705,1.8342,1.83468,1.81,2.44
2018.04.13 20:15:24.060,1.8342,1.83468,1.81,2.44
2018.04.13 20:15:24.111,1.8342,1.83468,1.56,2.44
2018.04.13 20:15:24.163,1.8342,1.83468,1.81,2.44
2018.04.13 20:15:24.469,1.8342,1.83468,1.81,2.44
2018.04.13 20:15:24.572,1.8342,1.83468,1.56,1.94
2018.04.13 20:15:24.624,1.8342,1.83468,1.81,2.19
2018.04.13 20:15:24.836,1.8342,1.83466,1.56,1.13
2018.04.13 20:15:24.939,1.8342,1.83465,1.56,1.13
2018.04.13 20:15:25.305,1.8342,1.83466,1.56,1.13
2018.04.13 20:15:25.665,1.8342,1.83465,1.56,1.13
2018.04.13 20:15:25.717,1.8342,1.83465,1.56,1.38
2018.04.13 20:15:26.121,1.8342,1.83467,1.56,1.94
2018.04.13 20:15:26.853,1.8342,1.83467,1.81,1.94
2018.04.13 20:15:27.380,1.8342,1.83467,1.56,1.62
2018.04.13 20:15:27.482,1.8342,1.83467,1.56,1.81
2018.04.13 20:15:27.820,1.8342,1.83467,1.56,1.81
2018.04.13 20:15:28.075,1.83419,1.83467,1.69,1.81
2018.04.13 20:15:28.126,1.83419,1.83467,1.56,1.81
2018.04.13 20:15:28.768,1.83419,1.83467,1.56,1.81
2018.04.13 20:15:29.756,1.83419,1.83467,1.81,1.81
2018.04.13 20:15:29.808,1.83419,1.83467,1.56,2.06
2018.04.13 20:15:30.012,1.83419,1.83466,1.56,1.13
2018.04.13 20:15:30.063,1.83419,1.83468,1.75,2.44
2018.04.13 20:15:30.114,1.83419,1.83468,1.75,2.81
2018.04.13 20:15:30.714,1.83419,1.83468,1.75,2.44
2018.04.13 20:15:31.239,1.83419,1.83468,1.75,2.44
2018.04.13 20:15:31.763,1.83419,1.83465,1.81,1.13
2018.04.13 20:15:31.966,1.83419,1.83464,1.56,1.38
2018.04.13 20:15:32.017,1.83419,1.83466,1.56,1.31
2018.04.13 20:15:32.545,1.83419,1.83466,1.56,1.31
2018.04.13 20:15:32.856,1.83419,1.83464,1.56,1.13
2018.04.13 20:15:32.957,1.83419,1.83468,1.56,3.19
2018.04.13 20:15:33.137,1.83419,1.83466,1.56,1.13
2018.04.13 20:15:33.493,1.83419,1.83466,1.56,1.13
2018.04.13 20:15:33.897,1.83419,1.83466,1.56,1.12
2018.04.13 20:15:33.949,1.83419,1.83465,1.56,1.31
2018.04.13 20:15:34.254,1.83419,1.83466,1.56,1.31
2018.04.13 20:15:34.804,1.83419,1.83465,1.81,1.31
2018.04.13 20:15:34.949,1.83419,1.83466,1.56,1.31
2018.04.13 20:15:35.500,1.83419,1.83465,1.56,1.31
2018.04.13 20:15:36.502,1.83419,1.83466,1.56,1.31
2018.04.13 20:15:36.774,1.83419,1.83465,1.81,1.31
2018.04.13 20:15:36.941,1.83419,1.83466,1.56,1.31
2018.04.13 20:15:37.481,1.83419,1.83467,1.56,1.94
2018.04.13 20:15:37.583,1.83423,1.83465,1.00,1.75
2018.04.13 20:15:37.685,1.83418,1.83468,1.88,1.94
2018.04.13 20:15:38.064,1.83423,1.83466,1.00,2.06
2018.04.13 20:15:38.507,1.83419,1.83467,1.75,1.75
2018.04.13 20:15:38.559,1.83423,1.83466,1.00,1.31
2018.04.13 20:15:38.661,1.83423,1.83467,1.00,2.06
2018.04.13 20:15:39.081,1.83423,1.83466,1.00,1.31
