2016.12.19 19:00:00.111,1.71195,1.71227,2.25,1.00
2016.12.19 19:00:00.432,1.71198,1.71229,1.09,1.00
2016.12.19 19:00:00.534,1.71199,1.71233,2.62,1.12
2016.12.19 19:00:00.584,1.71199,1.71229,1.00,1.00
2016.12.19 19:00:00.887,1.71199,1.71227,1.00,1.00
2016.12.19 19:00:00.938,1.7119,1.71224,2.62,1.00
2016.12.19 19:00:01.089,1.7119,1.71224,1.87,1.12
2016.12.19 19:00:01.609,1.7119,1.71223,1.00,1.00
2016.12.19 19:00:01.859,1.71188,1.71223,2.62,2.25
2016.12.19 19:00:02.061,1.71188,1.71221,1.12,1.00
2016.12.19 19:00:02.576,1.71187,1.71222,2.25,1.12
2016.12.19 19:00:03.030,1.71185,1.71218,3.37,1.00
2016.12.19 19:00:03.534,1.71186,1.71218,1.00,1.00
2016.12.19 19:00:04.066,1.71187,1.71219,1.00,1.00
2016.12.19 19:00:04.869,1.71186,1.71218,1.37,1.37
2016.12.19 19:00:04.920,1.71181,1.71213,1.75,1.00
2016.12.19 19:00:05.071,1.71178,1.71213,1.37,1.00
2016.12.19 19:00:05.223,1.71175,1.71212,1.00,1.37
2016.12.19 19:00:05.390,1.71177,1.71212,1.00,1.00
2016.12.19 19:00:05.692,1.71179,1.71213,1.87,1.00
2016.12.19 19:00:06.195,1.71177,1.71213,1.50,1.00
2016.12.19 19:00:06.724,1.71179,1.71213,1.12,1.00
2016.12.19 19:00:07.398,1.7118,1.71213,1.00,1.00
2016.12.19 19:00:07.946,1.7118,1.71214,1.37,1.00
2016.12.19 19:00:08.015,1.71178,1.71216,1.37,1.00
2016.12.19 19:00:08.268,1.7118,1.71214,1.50,1.00
2016.12.19 19:00:08.420,1.71179,1.71214,1.12,1.12
2016.12.19 19:00:08.938,1.71177,1.71213,2.25,1.00
2016.12.19 19:00:09.211,1.71179,1.71216,1.00,1.00
2016.12.19 19:00:09.498,1.71179,1.71213,1.00,1.00
2016.12.19 19:00:09.935,1.7118,1.71216,1.00,1.00
2016.12.19 19:00:10.436,1.71179,1.71215,1.12,1.00
2016.12.19 19:00:11.003,1.71179,1.71216,1.12,1.75
2016.12.19 19:00:11.407,1.7118,1.71216,1.00,1.50
2016.12.19 19:00:12.084,1.71181,1.71216,1.00,1.12
2016.12.19 19:00:12.743,1.71181,1.71213,1.00,1.00
2016.12.19 19:00:13.663,1.71181,1.71216,1.00,1.12
2016.12.19 19:00:13.847,1.71181,1.71213,1.00,1.00
2016.12.19 19:00:13.986,1.71179,1.71213,1.50,1.00
2016.12.19 19:00:14.037,1.71177,1.71213,1.50,1.00
2016.12.19 19:00:15.522,1.71179,1.71213,1.00,1.00
2016.12.19 19:00:16.225,1.71178,1.71213,1.00,1.00
2016.12.19 19:00:17.835,1.7118,1.71213,1.00,1.00
2016.12.19 19:00:18.138,1.71177,1.71214,1.00,1.50
2016.12.19 19:00:18.241,1.71179,1.71209,1.00,1.00
2016.12.19 19:00:18.342,1.71177,1.71209,1.00,1.00
2016.12.19 19:00:18.392,1.71177,1.71198,1.00,1.00
2016.12.19 19:00:18.494,1.71177,1.71203,1.00,1.00
2016.12.19 19:00:18.645,1.71179,1.71203,1.00,1.00
2016.12.19 19:00:18.815,1.71178,1.71209,1.00,1.00
2016.12.19 19:00:19.071,1.71177,1.71203,1.12,1.00
2016.12.19 19:00:19.385,1.71177,1.71204,1.37,1.00
2016.12.19 19:00:19.703,1.71181,1.71204,1.00,1.00
2016.12.19 19:00:20.252,1.71181,1.71203,1.00,1.00
2016.12.19 19:00:20.756,1.71181,1.71208,1.00,1.00
2016.12.19 19:00:20.858,1.71175,1.71204,1.87,1.00
2016.12.19 19:00:21.424,1.71176,1.71204,1.00,1.00
2016.12.19 19:00:21.758,1.71176,1.71208,1.00,1.15
2016.12.19 19:00:21.946,1.71176,1.71208,1.00,1.00
2016.12.19 19:00:22.047,1.71179,1.71208,1.00,1.00
2016.12.19 19:00:22.425,1.71176,1.71204,1.00,1.00
2016.12.19 19:00:22.929,1.71174,1.71204,1.00,1.00
2016.12.19 19:00:23.030,1.71177,1.71204,1.00,1.00
2016.12.19 19:00:23.282,1.71179,1.71208,1.00,1.00
2016.12.19 19:00:23.484,1.71181,1.71214,1.34,1.15
2016.12.19 19:00:23.703,1.71189,1.71223,1.46,1.00
2016.12.19 19:00:24.377,1.7119,1.71218,1.09,1.00
2016.12.19 19:00:24.528,1.7119,1.71222,1.09,1.00
2016.12.19 19:00:24.579,1.7119,1.7122,1.09,1.00
2016.12.19 19:00:24.932,1.71192,1.71221,1.00,1.00
2016.12.19 19:00:25.162,1.7119,1.7122,1.00,1.00
2016.12.19 19:00:25.213,1.7119,1.7122,1.46,1.00
2016.12.19 19:00:25.337,1.71192,1.71223,1.12,1.00
2016.12.19 19:00:25.438,1.71192,1.71219,1.12,1.00
2016.12.19 19:00:25.539,1.7119,1.71219,3.00,1.00
2016.12.19 19:00:26.172,1.71189,1.71219,1.12,1.00
2016.12.19 19:00:26.757,1.71188,1.71218,1.09,1.00
2016.12.19 19:00:27.163,1.71189,1.7122,1.00,1.50
2016.12.19 19:00:27.239,1.71193,1.7122,1.00,1.00
2016.12.19 19:00:27.290,1.71193,1.71223,1.12,1.00
2016.12.19 19:00:27.441,1.71196,1.71223,1.00,1.00
2016.12.19 19:00:27.875,1.71194,1.71223,1.12,1.00
2016.12.19 19:00:28.396,1.71195,1.71223,1.00,1.00
2016.12.19 19:00:28.784,1.71191,1.71223,3.00,1.00
2016.12.19 19:00:29.233,1.71194,1.71226,1.00,1.00
2016.12.19 19:00:29.546,1.71194,1.71228,1.00,1.50
2016.12.19 19:00:30.050,1.71195,1.71228,1.00,1.00
2016.12.19 19:00:30.151,1.71195,1.71224,1.50,1.00
2016.12.19 19:00:31.133,1.71195,1.71223,1.00,1.00
2016.12.19 19:00:31.285,1.71193,1.71223,1.50,1.00
2016.12.19 19:00:31.796,1.71193,1.71224,1.00,1.00
2016.12.19 19:00:31.897,1.71193,1.71226,1.00,1.00
2016.12.19 19:00:32.048,1.71194,1.71223,1.00,1.00
2016.12.19 19:00:32.354,1.71196,1.71223,1.00,1.00
2016.12.19 19:00:32.456,1.71194,1.71223,1.12,1.00
2016.12.19 19:00:32.647,1.71197,1.71223,1.00,1.00
2016.12.19 19:00:33.994,1.71197,1.71229,1.50,1.00
2016.12.19 19:00:34.348,1.712,1.71234,1.00,1.37
2016.12.19 19:00:34.465,1.71202,1.71234,1.00,1.37
2016.12.19 19:00:34.768,1.71206,1.71235,1.12,1.00
2016.12.19 19:00:35.022,1.71207,1.71237,1.00,1.00
2016.12.19 19:00:35.073,1.71207,1.71234,1.00,1.00
2016.12.19 19:00:35.124,1.71202,1.71235,1.49,1.00
2016.12.19 19:00:35.426,1.71201,1.71233,1.34,1.00
2016.12.19 19:00:35.763,1.71197,1.71228,1.27,1.00
2016.12.19 19:00:35.865,1.712,1.71228,1.00,1.00
2016.12.19 19:00:35.916,1.71196,1.71228,1.87,1.00
2016.12.19 19:00:36.609,1.71196,1.71228,1.00,1.00
2016.12.19 19:00:36.710,1.71199,1.71228,1.00,1.00
2016.12.19 19:00:36.778,1.71195,1.71228,4.46,1.00
2016.12.19 19:00:37.319,1.71196,1.71228,1.00,1.00
2016.12.19 19:00:37.906,1.71195,1.71228,1.09,1.00
2016.12.19 19:00:37.957,1.71195,1.71223,1.09,1.00
2016.12.19 19:00:38.160,1.71195,1.71229,1.09,1.00
2016.12.19 19:00:38.983,1.71196,1.71228,1.00,1.00
2016.12.19 19:00:39.034,1.71201,1.71231,1.34,1.00
2016.12.19 19:00:39.337,1.71202,1.71229,1.34,1.00
2016.12.19 19:00:39.438,1.71198,1.71232,2.21,1.00
2016.12.19 19:00:39.818,1.712,1.71229,1.00,1.00
2016.12.19 19:00:39.969,1.71198,1.71232,1.34,1.00
2016.12.19 19:00:40.021,1.71198,1.71228,1.00,1.00
2016.12.19 19:00:40.525,1.71197,1.71227,1.00,1.00
2016.12.19 19:00:40.576,1.71195,1.71227,1.50,1.00
2016.12.19 19:00:41.199,1.71195,1.71224,1.00,1.00
2016.12.19 19:00:41.668,1.71191,1.71224,1.87,1.00
2016.12.19 19:00:41.769,1.71191,1.71221,1.00,1.00
2016.12.19 19:00:42.061,1.71179,1.71213,2.25,1.00
2016.12.19 19:00:42.111,1.71179,1.71209,2.25,1.00
2016.12.19 19:00:42.414,1.71173,1.71198,1.37,1.00
2016.12.19 19:00:42.465,1.71173,1.71199,1.00,1.00
2016.12.19 19:00:42.664,1.71169,1.71199,1.00,1.00
2016.12.19 19:00:42.867,1.71167,1.71198,2.25,1.00
2016.12.19 19:00:43.190,1.71167,1.71203,3.37,1.12
2016.12.19 19:00:43.731,1.71167,1.71202,1.00,1.00
2016.12.19 19:00:43.883,1.71167,1.71199,1.00,1.00
2016.12.19 19:00:44.085,1.71165,1.71199,1.50,1.50
2016.12.19 19:00:44.686,1.71166,1.71199,1.00,1.00
2016.12.19 19:00:45.263,1.71165,1.71201,4.12,1.50
2016.12.19 19:00:45.314,1.71166,1.71199,2.25,1.00
2016.12.19 19:00:45.415,1.71164,1.71199,2.25,1.00
2016.12.19 19:00:45.772,1.71165,1.71202,1.00,1.00
2016.12.19 19:00:46.224,1.71169,1.71202,1.87,1.00
2016.12.19 19:00:46.567,1.71176,1.71203,1.00,1.00
2016.12.19 19:00:46.618,1.71176,1.71209,1.00,1.00
2016.12.19 19:00:46.820,1.71175,1.71212,3.37,1.12
2016.12.19 19:00:47.442,1.71175,1.71212,3.00,1.12
2016.12.19 19:00:47.594,1.71175,1.71211,1.00,1.00
2016.12.19 19:00:48.078,1.71177,1.71211,1.00,1.00
2016.12.19 19:00:48.326,1.71174,1.71209,1.00,1.00
2016.12.19 19:00:48.579,1.71171,1.71206,1.00,1.00
2016.12.19 19:00:49.088,1.71171,1.71206,1.50,1.00
2016.12.19 19:00:49.616,1.71171,1.71206,1.00,1.00
2016.12.19 19:00:49.768,1.71173,1.71209,1.12,1.87
2016.12.19 19:00:49.919,1.71172,1.71208,1.75,1.00
2016.12.19 19:00:50.121,1.71174,1.71212,1.87,1.87
2016.12.19 19:00:50.706,1.71175,1.71213,1.50,2.25
2016.12.19 19:00:51.058,1.71176,1.71209,1.00,1.00
2016.12.19 19:00:51.311,1.71168,1.71203,1.37,1.00
2016.12.19 19:00:51.512,1.71171,1.71206,1.00,1.87
2016.12.19 19:00:52.035,1.71171,1.71206,1.87,1.00
2016.12.19 19:00:52.286,1.71173,1.71209,1.12,1.00
2016.12.19 19:00:52.337,1.71176,1.71209,1.00,1.00
2016.12.19 19:00:52.639,1.71179,1.71208,1.00,1.00
2016.12.19 19:00:52.717,1.71179,1.71213,1.00,1.00
2016.12.19 19:00:53.020,1.71179,1.71198,1.00,1.00
2016.12.19 19:00:53.121,1.71177,1.71203,1.37,1.00
2016.12.19 19:00:53.222,1.71171,1.71205,1.37,1.00
2016.12.19 19:00:53.359,1.71177,1.7121,1.00,1.37
2016.12.19 19:00:53.410,1.71177,1.71212,1.00,1.87
2016.12.19 19:00:53.460,1.71179,1.7121,1.00,1.12
2016.12.19 19:00:53.561,1.7118,1.71214,1.12,2.62
2016.12.19 19:00:53.612,1.7118,1.71214,1.87,1.00
2016.12.19 19:00:53.713,1.71181,1.71214,1.37,1.00
2016.12.19 19:00:54.117,1.71182,1.71214,2.62,1.00
2016.12.19 19:00:54.607,1.71182,1.71214,1.50,1.00
2016.12.19 19:00:54.909,1.71177,1.71204,1.50,1.00
2016.12.19 19:00:55.111,1.71172,1.71203,1.50,1.00
2016.12.19 19:00:55.237,1.7117,1.71203,1.75,1.00
2016.12.19 19:00:55.428,1.71171,1.71204,1.87,1.00
2016.12.19 19:00:55.478,1.71171,1.71204,1.87,1.71
2016.12.19 19:00:55.529,1.71166,1.71199,1.87,1.50
2016.12.19 19:00:55.630,1.71162,1.71197,1.75,1.50
2016.12.19 19:00:56.134,1.71165,1.71193,1.00,1.00
2016.12.19 19:00:56.184,1.71163,1.71193,1.00,1.00
2016.12.19 19:00:56.725,1.71161,1.71193,1.12,2.62
2016.12.19 19:00:57.248,1.7116,1.71193,3.37,2.62
2016.12.19 19:00:57.988,1.7116,1.71192,1.00,1.00
2016.12.19 19:00:58.038,1.7116,1.71189,1.00,1.00
2016.12.19 19:00:58.089,1.71157,1.71189,2.62,1.00
2016.12.19 19:00:58.158,1.71155,1.71189,1.12,1.50
2016.12.19 19:00:58.259,1.71155,1.71189,1.00,1.37
2016.12.19 19:00:58.563,1.71154,1.71183,1.00,1.00
2016.12.19 19:00:59.064,1.71156,1.71184,1.00,1.00
2016.12.19 19:00:59.467,1.71158,1.71184,1.00,1.00
2016.12.19 19:00:59.619,1.7116,1.71188,1.12,1.00
2016.12.19 19:00:59.720,1.71159,1.71193,3.37,1.00
2016.12.19 19:00:59.922,1.71162,1.71193,1.00,1.00
2016.12.19 19:01:00.262,1.71165,1.71193,1.00,1.00
2016.12.19 19:01:00.376,1.71165,1.71195,1.87,1.00
2016.12.19 19:01:00.577,1.71165,1.71193,1.00,1.00
2016.12.19 19:01:01.061,1.71165,1.71196,1.50,1.87
2016.12.19 19:01:01.162,1.71165,1.712,1.87,1.50
2016.12.19 19:01:01.263,1.71167,1.71202,2.25,1.50
2016.12.19 19:01:01.313,1.71167,1.71199,3.00,1.00
2016.12.19 19:01:01.465,1.7117,1.71204,1.00,3.37
2016.12.19 19:01:01.877,1.71172,1.71204,1.00,1.50
2016.12.19 19:01:02.180,1.71172,1.71199,1.00,1.00
2016.12.19 19:01:02.433,1.71163,1.71194,1.00,1.00
2016.12.19 19:01:02.484,1.7116,1.71194,1.12,1.00
2016.12.19 19:01:02.841,1.71162,1.71194,1.00,1.50
2016.12.19 19:01:03.107,1.71158,1.71192,1.00,1.00
2016.12.19 19:01:03.158,1.71158,1.71188,1.50,1.00
2016.12.19 19:01:04.115,1.71158,1.71189,1.00,1.00
2016.12.19 19:01:04.328,1.71155,1.71189,1.50,1.00
2016.12.19 19:01:04.684,1.71159,1.71188,1.00,1.00
2016.12.19 19:01:05.194,1.71158,1.71188,1.00,1.00
2016.12.19 19:01:06.276,1.71157,1.71188,1.50,1.00
2016.12.19 19:01:06.804,1.71158,1.71188,1.00,1.00
2016.12.19 19:01:07.438,1.71159,1.71188,1.00,1.00
2016.12.19 19:01:08.073,1.71158,1.71188,1.00,1.00
2016.12.19 19:01:08.753,1.71156,1.71188,2.25,1.00
2016.12.19 19:01:09.363,1.7116,1.71188,1.00,1.00
2016.12.19 19:01:09.928,1.7116,1.71189,1.00,1.00
2016.12.19 19:01:10.203,1.71156,1.71189,1.75,1.00
2016.12.19 19:01:11.169,1.71159,1.71189,1.00,1.00
2016.12.19 19:01:11.431,1.71156,1.71189,1.50,1.00
2016.12.19 19:01:12.005,1.71156,1.71189,1.50,1.00
2016.12.19 19:01:13.536,1.71157,1.71189,1.00,1.00
2016.12.19 19:01:14.040,1.71156,1.71189,2.62,1.00
2016.12.19 19:01:14.575,1.71157,1.71189,1.00,1.00
2016.12.19 19:01:15.230,1.71161,1.71189,1.50,1.00
2016.12.19 19:01:15.533,1.71162,1.71184,1.50,1.00
2016.12.19 19:01:16.239,1.71162,1.71188,1.50,1.00
2016.12.19 19:01:20.861,1.71161,1.71188,1.87,1.00
2016.12.19 19:01:21.369,1.71162,1.71189,1.50,1.00
2016.12.19 19:01:21.921,1.71163,1.71189,1.50,1.00
2016.12.19 19:01:22.882,1.71162,1.71188,1.87,1.00
2016.12.19 19:01:23.354,1.71162,1.71193,1.50,1.00
2016.12.19 19:01:23.884,1.71161,1.71194,1.87,1.50
2016.12.19 19:01:24.042,1.71161,1.71189,2.62,1.00
2016.12.19 19:01:24.957,1.71161,1.71188,1.87,1.00
2016.12.19 19:01:25.636,1.71161,1.71188,1.87,1.00
2016.12.19 19:01:30.231,1.71164,1.71194,1.50,1.50
2016.12.19 19:01:30.498,1.71165,1.71193,3.75,1.00
2016.12.19 19:01:30.650,1.71171,1.71204,2.21,1.00
2016.12.19 19:01:30.701,1.71176,1.71204,1.00,1.00
2016.12.19 19:01:30.852,1.71174,1.71204,1.12,1.00
2016.12.19 19:01:30.903,1.71174,1.71204,1.37,1.00
2016.12.19 19:01:31.206,1.71169,1.71198,1.00,1.00
2016.12.19 19:01:31.257,1.71168,1.71198,1.50,1.00
2016.12.19 19:01:31.459,1.71168,1.71198,1.12,1.00
2016.12.19 19:01:31.510,1.71168,1.71198,2.25,1.00
2016.12.19 19:01:31.685,1.71168,1.71198,1.87,1.00
2016.12.19 19:01:31.786,1.71168,1.71198,1.50,1.00
2016.12.19 19:01:31.837,1.71168,1.71198,2.59,1.00
2016.12.19 19:01:31.938,1.71176,1.71204,1.12,1.12
2016.12.19 19:01:32.039,1.71176,1.71208,1.12,3.37
2016.12.19 19:01:32.191,1.71176,1.71208,1.75,1.50
2016.12.19 19:01:32.493,1.71178,1.71208,1.46,1.00
2016.12.19 19:01:32.810,1.71173,1.71204,1.09,1.87
2016.12.19 19:01:32.912,1.71172,1.712,2.21,1.00
2016.12.19 19:01:33.013,1.71175,1.71204,1.00,1.50
2016.12.19 19:01:33.114,1.71176,1.71204,1.37,1.00
2016.12.19 19:01:34.559,1.71177,1.71208,1.00,1.09
2016.12.19 19:01:34.609,1.71177,1.71208,1.09,1.00
2016.12.19 19:01:34.761,1.71184,1.71216,1.00,1.87
2016.12.19 19:01:34.811,1.71184,1.71218,1.34,3.00
2016.12.19 19:01:35.013,1.71188,1.71219,2.21,1.12
2016.12.19 19:01:35.242,1.71187,1.71213,1.37,1.00
2016.12.19 19:01:35.318,1.71185,1.71213,1.87,1.00
2016.12.19 19:01:35.827,1.71184,1.71213,1.37,1.00
2016.12.19 19:01:37.094,1.7118,1.71213,1.12,1.00
2016.12.19 19:01:37.784,1.7118,1.71213,1.12,1.00
2016.12.19 19:01:39.092,1.71181,1.71213,1.87,1.00
2016.12.19 19:01:40.388,1.71181,1.71213,1.12,1.00
2016.12.19 19:01:40.865,1.71178,1.71209,3.37,1.00
2016.12.19 19:01:41.452,1.71179,1.71209,1.75,1.00
2016.12.19 19:01:43.604,1.71178,1.71209,3.37,1.00
2016.12.19 19:01:44.134,1.71178,1.71209,3.37,1.00
2016.12.19 19:01:44.984,1.71179,1.71208,1.75,1.00
2016.12.19 19:01:46.600,1.71179,1.71208,2.25,1.00
2016.12.19 19:01:46.923,1.71181,1.71208,1.37,1.00
2016.12.19 19:01:47.452,1.71179,1.71209,1.12,1.00
2016.12.19 19:01:47.955,1.71181,1.71209,1.00,1.00
2016.12.19 19:01:48.211,1.71179,1.71209,3.37,1.00
2016.12.19 19:01:48.262,1.71179,1.71214,2.25,1.00
2016.12.19 19:01:48.312,1.71179,1.71209,2.25,1.00
2016.12.19 19:01:48.542,1.71181,1.71214,1.37,1.00
2016.12.19 19:01:49.133,1.71179,1.71214,1.75,1.00
2016.12.19 19:01:49.663,1.71179,1.71213,1.75,1.00
2016.12.19 19:01:50.178,1.7118,1.71214,1.50,1.00
2016.12.19 19:01:50.829,1.7118,1.71214,1.75,1.00
2016.12.19 19:01:51.364,1.7118,1.71213,1.50,1.00
2016.12.19 19:01:51.616,1.71184,1.71213,1.00,1.00
2016.12.19 19:01:52.153,1.71182,1.71214,1.00,1.00
2016.12.19 19:01:52.684,1.71181,1.71214,1.75,1.00
2016.12.19 19:01:53.386,1.71179,1.71209,2.25,1.00
2016.12.19 19:01:53.987,1.7118,1.71209,1.37,1.00
2016.12.19 19:01:54.038,1.7118,1.71214,1.37,1.00
2016.12.19 19:01:55.382,1.7118,1.71208,1.37,1.00
2016.12.19 19:01:57.866,1.71179,1.71208,2.25,1.00
2016.12.19 19:01:58.016,1.71179,1.71213,2.25,1.00
2016.12.19 19:01:58.237,1.71181,1.71208,1.37,1.00
2016.12.19 19:01:58.289,1.71185,1.71213,1.00,1.00
2016.12.19 19:01:58.340,1.71188,1.71218,1.00,1.75
2016.12.19 19:01:58.492,1.71191,1.71223,1.00,1.87
2016.12.19 19:01:58.543,1.71193,1.71224,1.00,1.75
2016.12.19 19:01:58.594,1.71193,1.71224,1.37,1.00
2016.12.19 19:01:58.746,1.71193,1.71224,1.37,1.00
2016.12.19 19:01:59.149,1.71193,1.71224,1.37,1.00
2016.12.19 19:01:59.210,1.71193,1.71218,1.37,1.00
2016.12.19 19:01:59.557,1.71192,1.71224,1.75,1.00
2016.12.19 19:01:59.824,1.71192,1.71219,1.75,1.00
2016.12.19 19:01:59.875,1.71192,1.71223,2.25,1.00
2016.12.19 19:01:59.976,1.71196,1.71226,1.37,1.12
2016.12.19 19:02:00.026,1.712,1.71226,1.00,1.12
2016.12.19 19:02:00.127,1.71199,1.71228,1.12,1.00
2016.12.19 19:02:00.631,1.71198,1.71228,1.00,1.00
2016.12.19 19:02:00.732,1.71202,1.71229,1.00,1.00
2016.12.19 19:02:01.000,1.712,1.71229,1.50,1.00
2016.12.19 19:02:01.582,1.71199,1.71229,1.50,1.00
2016.12.19 19:02:01.838,1.71199,1.71223,1.00,1.00
2016.12.19 19:02:02.023,1.71197,1.71223,1.00,1.00
2016.12.19 19:02:02.436,1.71196,1.71223,1.75,1.00
2016.12.19 19:02:03.233,1.71197,1.71223,1.12,1.00
2016.12.19 19:02:03.438,1.71197,1.71223,1.37,1.00
2016.12.19 19:02:03.836,1.71196,1.71223,1.12,1.00
2016.12.19 19:02:04.296,1.71196,1.71228,1.00,1.00
2016.12.19 19:02:04.621,1.71197,1.71228,1.87,1.00
2016.12.19 19:02:05.162,1.71198,1.71229,1.50,1.00
2016.12.19 19:02:05.520,1.712,1.71229,1.12,1.00
2016.12.19 19:02:06.024,1.71199,1.71228,3.00,1.00
2016.12.19 19:02:06.652,1.712,1.71228,1.00,1.00
2016.12.19 19:02:06.964,1.71193,1.71224,1.37,1.00
2016.12.19 19:02:07.505,1.71191,1.71223,1.12,1.00
2016.12.19 19:02:07.556,1.71201,1.71228,1.00,1.00
2016.12.19 19:02:07.708,1.71193,1.71223,1.00,1.12
2016.12.19 19:02:07.859,1.71189,1.71219,1.75,1.00
2016.12.19 19:02:08.752,1.71189,1.71223,1.75,1.87
2016.12.19 19:02:09.279,1.71194,1.71224,1.00,3.00
2016.12.19 19:02:09.330,1.71198,1.71224,1.00,3.00
2016.12.19 19:02:09.381,1.71197,1.71229,1.00,2.62
2016.12.19 19:02:09.683,1.71201,1.71232,1.00,1.50
2016.12.19 19:02:09.784,1.71198,1.7123,3.00,1.12
2016.12.19 19:02:10.237,1.712,1.71232,1.00,1.50
2016.12.19 19:02:10.553,1.71196,1.71233,1.87,3.00
2016.12.19 19:02:11.102,1.71196,1.71232,1.37,1.87
2016.12.19 19:02:11.782,1.71191,1.71225,2.25,1.00
2016.12.19 19:02:12.034,1.71189,1.71223,1.00,1.50
2016.12.19 19:02:12.186,1.71186,1.71218,1.00,1.00
2016.12.19 19:02:12.337,1.71186,1.7122,1.00,1.00
2016.12.19 19:02:12.388,1.71186,1.71219,1.00,1.37
2016.12.19 19:02:12.720,1.71182,1.71213,1.50,1.00
2016.12.19 19:02:13.277,1.71184,1.71213,1.00,1.00
2016.12.19 19:02:13.327,1.71184,1.71218,1.00,1.50
2016.12.19 19:02:13.662,1.71184,1.71214,1.00,1.00
2016.12.19 19:02:14.192,1.71186,1.71214,1.00,1.00
2016.12.19 19:02:14.715,1.71183,1.71214,2.25,1.00
2016.12.19 19:02:15.124,1.71183,1.71214,1.87,1.00
2016.12.19 19:02:15.242,1.71183,1.71218,1.87,1.00
2016.12.19 19:02:15.700,1.71184,1.71213,2.62,1.00
2016.12.19 19:02:15.751,1.71184,1.71218,2.62,1.00
2016.12.19 19:02:16.260,1.71183,1.71218,1.00,1.50
2016.12.19 19:02:16.311,1.71185,1.71218,1.00,1.50
2016.12.19 19:02:16.616,1.71182,1.71213,2.62,1.00
2016.12.19 19:02:16.717,1.71182,1.71218,3.00,1.00
2016.12.19 19:02:16.768,1.71184,1.71218,1.00,1.00
2016.12.19 19:02:17.213,1.71182,1.71218,3.37,1.87
2016.12.19 19:02:17.365,1.71185,1.71218,1.00,1.50
2016.12.19 19:02:17.617,1.71183,1.71218,1.12,1.12
2016.12.19 19:02:19.030,1.71185,1.71218,1.00,1.37
2016.12.19 19:02:19.366,1.71185,1.71216,1.75,1.00
2016.12.19 19:02:19.675,1.71184,1.71218,1.75,1.12
2016.12.19 19:02:21.298,1.71184,1.71219,1.87,1.12
2016.12.19 19:02:21.836,1.71186,1.71219,1.12,1.00
2016.12.19 19:02:21.937,1.71186,1.71213,1.12,1.00
2016.12.19 19:02:22.088,1.71184,1.71218,1.75,1.00
2016.12.19 19:02:22.139,1.71184,1.71214,3.00,1.00
2016.12.19 19:02:22.643,1.71187,1.71213,1.00,1.00
2016.12.19 19:02:22.878,1.71187,1.71218,1.00,1.00
2016.12.19 19:02:23.031,1.71187,1.71213,1.00,1.00
2016.12.19 19:02:23.675,1.71187,1.71218,1.00,1.00
2016.12.19 19:02:24.035,1.7119,1.71219,1.37,1.00
2016.12.19 19:02:24.086,1.71193,1.71223,1.12,1.12
2016.12.19 19:02:24.136,1.71197,1.71227,1.00,1.75
2016.12.19 19:02:24.237,1.71199,1.71229,1.00,1.12
2016.12.19 19:02:24.388,1.71201,1.71229,1.12,1.00
2016.12.19 19:02:24.699,1.71204,1.71233,1.00,1.00
2016.12.19 19:02:25.153,1.71205,1.71238,1.00,1.00
2016.12.19 19:02:25.556,1.71205,1.71233,1.00,1.00
2016.12.19 19:02:25.938,1.71205,1.71228,1.00,1.00
2016.12.19 19:02:26.039,1.71198,1.71228,1.87,1.00
2016.12.19 19:02:26.140,1.71198,1.71233,1.37,1.46
2016.12.19 19:02:26.191,1.71203,1.71229,1.09,1.00
2016.12.19 19:02:26.514,1.71204,1.71229,1.50,1.00
2016.12.19 19:02:26.798,1.71203,1.71229,2.21,1.00
2016.12.19 19:02:26.997,1.71203,1.71234,1.09,1.00
2016.12.19 19:02:28.054,1.71199,1.71228,1.87,1.00
2016.12.19 19:02:28.240,1.71197,1.71229,1.00,1.00
2016.12.19 19:02:28.336,1.71194,1.71224,1.12,1.00
2016.12.19 19:02:28.881,1.71193,1.71223,1.12,1.00
2016.12.19 19:02:29.283,1.71195,1.71226,1.12,1.00
2016.12.19 19:02:29.334,1.71194,1.71223,1.12,1.00
2016.12.19 19:02:29.535,1.71193,1.71226,1.09,2.25
2016.12.19 19:02:29.586,1.71195,1.71223,1.00,1.00
2016.12.19 19:02:29.905,1.71213,1.71235,1.00,1.12
2016.12.19 19:02:30.113,1.71219,1.71243,1.00,1.00
2016.12.19 19:02:30.214,1.71218,1.71249,1.75,2.25
2016.12.19 19:02:30.976,1.71217,1.71243,2.25,1.00
2016.12.19 19:02:31.128,1.71218,1.71243,1.50,1.00
2016.12.19 19:02:31.229,1.71218,1.71243,1.75,1.00
2016.12.19 19:02:31.368,1.71218,1.71248,1.75,1.00
2016.12.19 19:02:31.949,1.71217,1.71248,2.25,1.50
2016.12.19 19:02:34.754,1.71219,1.71248,1.87,1.50
2016.12.19 19:02:36.321,1.71219,1.71248,2.25,1.50
2016.12.19 19:02:37.530,1.71219,1.71248,2.25,1.50
2016.12.19 19:02:38.226,1.71219,1.71248,2.25,1.50
2016.12.19 19:02:38.956,1.71219,1.71248,2.25,1.50
2016.12.19 19:02:39.776,1.71218,1.71248,2.25,1.50
2016.12.19 19:02:41.037,1.71218,1.71248,2.25,1.00
2016.12.19 19:02:41.588,1.71219,1.71249,1.00,1.00
2016.12.19 19:02:41.739,1.71217,1.71249,1.75,1.00
2016.12.19 19:02:42.271,1.71214,1.71246,4.12,1.00
2016.12.19 19:02:42.574,1.71213,1.71239,1.00,1.00
2016.12.19 19:02:42.675,1.7121,1.71238,1.00,1.00
2016.12.19 19:02:42.726,1.71209,1.71233,1.37,1.00
2016.12.19 19:02:42.878,1.71207,1.71233,1.00,1.00
2016.12.19 19:02:42.979,1.71204,1.71233,2.25,1.00
2016.12.19 19:02:43.030,1.71207,1.71238,1.37,1.37
2016.12.19 19:02:43.081,1.71207,1.71238,1.50,1.00
2016.12.19 19:02:43.233,1.71216,1.71245,1.37,1.12
2016.12.19 19:02:43.575,1.71222,1.71243,1.00,1.00
2016.12.19 19:02:43.676,1.71216,1.71243,1.37,1.37
2016.12.19 19:02:43.751,1.71212,1.71244,1.50,1.37
2016.12.19 19:02:43.852,1.71213,1.71247,2.59,1.00
2016.12.19 19:02:43.953,1.71219,1.71249,1.00,1.00
2016.12.19 19:02:44.256,1.71221,1.71249,1.12,1.00
2016.12.19 19:02:44.795,1.7122,1.71249,1.00,1.00
2016.12.19 19:02:46.858,1.71221,1.71249,1.00,1.00
2016.12.19 19:02:47.192,1.7122,1.71254,2.25,1.50
2016.12.19 19:02:47.242,1.71221,1.71253,1.37,1.00
2016.12.19 19:02:47.566,1.71222,1.71248,1.00,1.00
2016.12.19 19:02:47.894,1.71222,1.71243,1.00,1.00
2016.12.19 19:02:47.995,1.7122,1.71243,1.00,1.00
2016.12.19 19:02:48.196,1.71218,1.71244,1.00,1.00
2016.12.19 19:02:48.724,1.71219,1.71249,1.12,1.00
2016.12.19 19:02:48.936,1.71219,1.71249,1.50,1.00
2016.12.19 19:02:49.437,1.71221,1.71249,1.12,1.00
2016.12.19 19:02:49.960,1.71218,1.71243,1.37,1.00
2016.12.19 19:02:50.061,1.71214,1.71243,1.00,1.00
2016.12.19 19:02:50.364,1.71215,1.71243,1.84,1.00
2016.12.19 19:02:50.883,1.71215,1.71243,1.09,1.00
2016.12.19 19:02:51.286,1.71213,1.71238,1.75,1.00
2016.12.19 19:02:51.392,1.71211,1.71238,1.50,1.00
2016.12.19 19:02:51.647,1.7121,1.71239,2.21,1.00
2016.12.19 19:02:52.614,1.7121,1.71239,1.87,1.00
2016.12.19 19:02:53.189,1.71209,1.71238,1.12,1.00
2016.12.19 19:02:53.526,1.71213,1.71246,1.00,1.37
2016.12.19 19:02:53.577,1.71214,1.71247,2.25,1.00
2016.12.19 19:02:53.879,1.71221,1.71248,1.12,1.00
2016.12.19 19:02:54.282,1.71221,1.71254,1.12,1.50
2016.12.19 19:02:54.987,1.71222,1.71254,1.00,1.87
2016.12.19 19:02:55.335,1.71222,1.71248,1.00,1.00
2016.12.19 19:02:55.883,1.71222,1.71249,1.00,1.00
2016.12.19 19:02:56.376,1.71222,1.71252,1.00,1.50
2016.12.19 19:02:56.906,1.71221,1.71253,1.12,1.37
2016.12.19 19:02:57.494,1.71221,1.71253,1.12,1.87
2016.12.19 19:02:58.092,1.71221,1.71252,1.12,1.00
2016.12.19 19:03:00.091,1.71221,1.71253,1.12,2.62
2016.12.19 19:03:00.440,1.71222,1.71255,1.37,1.87
2016.12.19 19:03:00.680,1.71226,1.71258,1.00,1.00
2016.12.19 19:03:00.731,1.71223,1.71256,1.50,1.00
2016.12.19 19:03:00.882,1.7122,1.71253,1.37,1.00
2016.12.19 19:03:01.010,1.7122,1.71253,1.00,1.00
2016.12.19 19:03:01.268,1.71222,1.71253,1.00,1.00
2016.12.19 19:03:01.469,1.7122,1.71253,1.12,1.00
2016.12.19 19:03:01.671,1.7122,1.71249,1.00,1.00
2016.12.19 19:03:02.771,1.7122,1.71253,1.00,1.50
2016.12.19 19:03:04.763,1.7122,1.71253,1.87,1.00
2016.12.19 19:03:04.814,1.7122,1.71248,1.00,1.00
2016.12.19 19:03:04.979,1.71213,1.71248,1.12,1.87
2016.12.19 19:03:05.030,1.71212,1.71244,1.87,1.00
2016.12.19 19:03:05.131,1.71212,1.71248,1.37,2.25
2016.12.19 19:03:05.384,1.71211,1.71248,2.62,1.50
2016.12.19 19:03:05.725,1.71211,1.71248,1.50,1.12
2016.12.19 19:03:05.826,1.71219,1.71248,1.00,1.12
2016.12.19 19:03:07.778,1.71219,1.71244,1.00,1.00
2016.12.19 19:03:08.080,1.71199,1.71229,1.12,1.20
2016.12.19 19:03:08.232,1.71192,1.71224,1.87,1.20
2016.12.19 19:03:09.104,1.7119,1.71221,1.75,1.00
2016.12.19 19:03:09.739,1.71189,1.71222,1.75,1.00
2016.12.19 19:03:10.052,1.7119,1.71219,1.75,1.00
2016.12.19 19:03:10.398,1.7119,1.71221,1.75,1.00
2016.12.19 19:03:11.263,1.7119,1.71222,1.75,1.00
2016.12.19 19:03:11.876,1.71191,1.71221,2.25,1.00
2016.12.19 19:03:12.392,1.71191,1.71222,1.87,1.00
2016.12.19 19:03:12.904,1.71191,1.71221,2.25,1.00
2016.12.19 19:03:14.853,1.71191,1.71222,1.50,1.00
2016.12.19 19:03:15.693,1.71191,1.71221,1.50,1.00
2016.12.19 19:03:16.209,1.71191,1.71222,1.50,1.00
2016.12.19 19:03:16.528,1.71196,1.71229,1.00,1.65
2016.12.19 19:03:16.730,1.71196,1.71229,1.00,1.37
2016.12.19 19:03:16.925,1.71201,1.71229,1.00,2.25
2016.12.19 19:03:17.076,1.71207,1.71233,1.00,1.00
2016.12.19 19:03:17.226,1.71206,1.71239,1.87,1.00
2016.12.19 19:03:17.429,1.71205,1.71233,1.12,1.00
2016.12.19 19:03:17.970,1.71205,1.71234,1.12,1.00
2016.12.19 19:03:18.495,1.71206,1.71234,1.00,1.00
2016.12.19 19:03:19.126,1.71206,1.71233,1.00,1.00
2016.12.19 19:03:20.783,1.71204,1.71233,1.37,1.00
2016.12.19 19:03:21.884,1.71204,1.71234,1.37,1.00
2016.12.19 19:03:26.015,1.71204,1.71233,1.37,1.00
2016.12.19 19:03:28.693,1.71203,1.71238,2.62,1.00
2016.12.19 19:03:28.744,1.71203,1.71233,1.87,1.00
2016.12.19 19:03:28.947,1.712,1.71229,1.87,1.00
2016.12.19 19:03:29.497,1.71201,1.71229,1.00,1.00
2016.12.19 19:03:29.776,1.71198,1.71229,1.87,1.00
2016.12.19 19:03:30.487,1.71199,1.71228,1.00,1.00
2016.12.19 19:03:31.644,1.71199,1.71234,1.00,2.25
2016.12.19 19:03:33.247,1.71199,1.71234,1.00,2.25
2016.12.19 19:03:33.298,1.71199,1.71229,1.00,1.00
2016.12.19 19:03:33.841,1.71198,1.71229,1.00,1.00
2016.12.19 19:03:35.704,1.71198,1.71233,1.00,1.37
2016.12.19 19:03:35.856,1.71196,1.71232,1.00,1.12
2016.12.19 19:03:36.072,1.71194,1.71231,2.25,1.00
2016.12.19 19:03:36.420,1.71195,1.71229,1.00,1.00
2016.12.19 19:03:38.803,1.71199,1.71229,1.50,1.00
2016.12.19 19:03:38.854,1.71199,1.71233,1.50,1.00
2016.12.19 19:03:38.904,1.71201,1.71233,1.00,1.00
2016.12.19 19:03:39.409,1.71201,1.71233,1.50,1.00
2016.12.19 19:03:39.560,1.71198,1.71234,1.00,3.00
2016.12.19 19:03:39.711,1.71196,1.71229,1.87,1.00
2016.12.19 19:03:44.227,1.71194,1.71228,2.25,1.00
2016.12.19 19:03:50.998,1.71196,1.71229,1.12,1.00
2016.12.19 19:03:56.388,1.71194,1.71229,1.50,1.00
2016.12.19 19:03:59.487,1.71194,1.71229,1.00,1.37
2016.12.19 19:03:59.537,1.71194,1.71229,1.00,1.37
2016.12.19 19:03:59.924,1.71192,1.71225,1.12,1.00
2016.12.19 19:04:00.126,1.71192,1.71227,2.62,1.00
2016.12.19 19:04:00.429,1.71193,1.71229,1.00,1.87
2016.12.19 19:04:00.480,1.71192,1.71229,1.87,1.37
2016.12.19 19:04:00.833,1.71193,1.71225,1.00,1.00
2016.12.19 19:04:01.503,1.71194,1.71225,2.25,1.00
2016.12.19 19:04:02.057,1.71194,1.71226,1.00,1.00
2016.12.19 19:04:02.592,1.71195,1.71225,1.00,1.00
2016.12.19 19:04:03.946,1.71194,1.71225,2.25,1.00
2016.12.19 19:04:04.978,1.71194,1.71229,1.00,1.00
2016.12.19 19:04:07.582,1.71194,1.71224,2.62,1.00
2016.12.19 19:04:07.766,1.71194,1.71229,1.87,1.00
2016.12.19 19:04:08.219,1.71195,1.71227,1.00,1.00
2016.12.19 19:04:08.522,1.71201,1.71231,1.00,1.00
2016.12.19 19:04:08.976,1.71199,1.71231,2.25,1.00
2016.12.19 19:04:09.138,1.712,1.71231,1.87,1.00
2016.12.19 19:04:09.709,1.712,1.71231,1.50,1.00
2016.12.19 19:04:10.048,1.71198,1.71231,1.50,1.00
2016.12.19 19:04:10.602,1.71199,1.71231,1.00,1.00
2016.12.19 19:04:11.110,1.71198,1.71231,1.00,1.50
2016.12.19 19:04:11.622,1.71197,1.71231,1.50,1.00
2016.12.19 19:04:12.268,1.71198,1.71231,1.50,1.00
2016.12.19 19:04:12.775,1.71199,1.71231,1.00,1.00
2016.12.19 19:04:13.787,1.71198,1.71231,1.50,1.00
2016.12.19 19:04:15.778,1.712,1.71231,1.00,1.00
2016.12.19 19:04:16.035,1.71198,1.71232,1.50,1.00
2016.12.19 19:04:16.735,1.71198,1.71233,1.50,1.00
2016.12.19 19:04:17.266,1.71198,1.71232,1.00,1.00
2016.12.19 19:04:17.666,1.71203,1.71233,1.00,1.00
2016.12.19 19:04:17.716,1.71201,1.71233,1.00,1.00
2016.12.19 19:04:17.968,1.71198,1.71231,1.12,1.00
2016.12.19 19:04:18.272,1.71188,1.71221,1.50,1.00
2016.12.19 19:04:18.832,1.71189,1.71222,1.50,1.50
2016.12.19 19:04:18.984,1.71185,1.71222,3.00,2.25
2016.12.19 19:04:19.034,1.71187,1.71218,1.12,1.00
2016.12.19 19:04:21.087,1.71188,1.71218,1.00,1.00
2016.12.19 19:04:21.137,1.71188,1.71223,1.00,3.00
2016.12.19 19:04:21.440,1.71191,1.71224,1.00,2.25
2016.12.19 19:04:21.855,1.71189,1.71218,1.50,1.00
2016.12.19 19:04:22.165,1.71191,1.71218,1.00,1.00
2016.12.19 19:04:22.478,1.71189,1.71218,1.00,1.00
2016.12.19 19:04:23.414,1.71188,1.71218,1.50,1.00
2016.12.19 19:04:23.923,1.71189,1.71218,1.00,1.00
2016.12.19 19:04:24.395,1.71192,1.71218,1.00,1.00
2016.12.19 19:04:24.899,1.71191,1.71219,3.37,1.00
2016.12.19 19:04:27.706,1.71193,1.71224,1.00,3.00
2016.12.19 19:04:27.861,1.71195,1.71228,1.00,1.75
2016.12.19 19:04:27.962,1.71195,1.71229,1.00,1.87
2016.12.19 19:04:28.505,1.71194,1.71227,1.87,1.50
2016.12.19 19:04:28.826,1.71191,1.71224,1.37,1.00
2016.12.19 19:04:29.784,1.71189,1.71223,1.75,1.50
2016.12.19 19:04:30.895,1.71192,1.71224,1.12,1.50
2016.12.19 19:04:30.945,1.71193,1.71227,1.00,1.50
2016.12.19 19:04:30.996,1.71197,1.71224,1.00,1.00
2016.12.19 19:04:31.099,1.71194,1.71224,1.00,1.00
2016.12.19 19:04:31.502,1.71192,1.71223,3.00,1.00
2016.12.19 19:04:32.435,1.71191,1.71224,1.37,1.50
2016.12.19 19:04:34.862,1.71192,1.71226,1.12,1.87
2016.12.19 19:04:36.784,1.7119,1.71223,2.25,1.00
2016.12.19 19:04:39.107,1.71189,1.71226,1.75,2.25
2016.12.19 19:04:39.157,1.71192,1.71223,1.00,1.00
2016.12.19 19:04:39.359,1.71189,1.71224,1.50,1.50
2016.12.19 19:04:39.410,1.7119,1.71224,1.37,1.50
2016.12.19 19:04:39.511,1.7119,1.71224,1.00,1.87
2016.12.19 19:04:39.612,1.71192,1.71225,1.00,1.12
2016.12.19 19:04:40.113,1.71191,1.71228,1.50,1.75
2016.12.19 19:04:41.126,1.71192,1.71226,1.00,1.12
2016.12.19 19:04:41.429,1.71191,1.71219,1.00,1.00
2016.12.19 19:04:41.546,1.71191,1.71223,1.37,1.00
2016.12.19 19:04:42.114,1.71191,1.71224,1.37,1.00
2016.12.19 19:04:42.563,1.71191,1.71219,1.37,1.00
2016.12.19 19:04:43.226,1.71192,1.71223,1.12,1.00
2016.12.19 19:04:43.327,1.71192,1.71227,1.87,1.87
2016.12.19 19:04:43.377,1.71192,1.71224,1.87,1.00
2016.12.19 19:04:43.680,1.71189,1.71224,1.00,1.37
2016.12.19 19:04:44.087,1.71189,1.71219,1.00,1.00
2016.12.19 19:04:44.504,1.71188,1.71224,1.00,1.00
2016.12.19 19:04:45.008,1.71189,1.71224,1.00,1.00
2016.12.19 19:04:45.411,1.71189,1.71224,1.00,1.37
2016.12.19 19:04:45.663,1.71183,1.71218,1.12,1.00
2016.12.19 19:04:45.865,1.71183,1.71213,1.00,1.00
2016.12.19 19:04:46.167,1.71182,1.71209,1.00,1.00
2016.12.19 19:04:47.001,1.7118,1.71209,1.00,1.00
2016.12.19 19:04:47.051,1.7118,1.71203,1.00,1.00
2016.12.19 19:04:47.203,1.71177,1.71203,1.00,1.00
2016.12.19 19:04:47.455,1.71177,1.71208,2.25,1.00
2016.12.19 19:04:47.966,1.7118,1.71209,1.00,1.00
2016.12.19 19:04:48.218,1.71178,1.71209,2.25,1.00
2016.12.19 19:04:48.977,1.71179,1.71209,1.00,1.00
2016.12.19 19:04:49.234,1.71179,1.71213,1.00,1.00
2016.12.19 19:04:49.336,1.71181,1.71213,1.00,1.00
2016.12.19 19:04:49.949,1.71181,1.71214,1.00,1.00
2016.12.19 19:04:51.338,1.71181,1.71218,1.00,1.00
2016.12.19 19:04:51.817,1.71181,1.71213,1.50,1.00
2016.12.19 19:04:51.918,1.71185,1.71218,1.50,1.50
2016.12.19 19:04:52.019,1.71187,1.71218,1.00,1.00
2016.12.19 19:04:52.336,1.7119,1.71218,1.00,1.00
2016.12.19 19:04:53.004,1.71195,1.71218,1.00,1.00
2016.12.19 19:04:53.055,1.71192,1.71218,1.00,1.00
2016.12.19 19:04:53.156,1.71193,1.71224,1.12,1.00
2016.12.19 19:04:53.231,1.71197,1.71223,1.00,1.00
2016.12.19 19:04:53.332,1.71197,1.71228,1.00,1.00
2016.12.19 19:04:53.584,1.71196,1.71228,2.25,1.00
2016.12.19 19:04:53.786,1.71196,1.71228,1.00,1.00
2016.12.19 19:04:54.571,1.71194,1.71223,2.40,1.00
2016.12.19 19:04:54.723,1.71194,1.71228,1.65,1.50
2016.12.19 19:04:54.823,1.71192,1.71228,2.10,1.00
2016.12.19 19:04:55.125,1.71195,1.71224,1.00,1.00
2016.12.19 19:04:55.928,1.71194,1.71228,1.87,1.00
2016.12.19 19:04:56.012,1.71194,1.71229,1.87,2.62
2016.12.19 19:04:56.405,1.71195,1.71224,1.50,1.00
2016.12.19 19:04:57.621,1.71195,1.71223,1.50,1.00
2016.12.19 19:04:57.923,1.71198,1.71224,1.50,1.00
2016.12.19 19:04:59.119,1.71198,1.71224,1.00,1.00
2016.12.19 19:04:59.639,1.71196,1.71224,1.15,1.00
2016.12.19 19:05:00.147,1.71194,1.71229,1.35,1.00
2016.12.19 19:05:00.731,1.71194,1.71229,1.35,1.50
2016.12.19 19:05:01.051,1.71194,1.71228,1.15,1.00
2016.12.19 19:05:01.202,1.71194,1.71225,1.15,1.00
2016.12.19 19:05:01.454,1.71184,1.71219,2.25,1.00
2016.12.19 19:05:01.656,1.71184,1.71213,2.62,1.00
2016.12.19 19:05:01.806,1.71185,1.71213,1.00,1.00
2016.12.19 19:05:02.159,1.71185,1.71213,1.37,1.00
2016.12.19 19:05:02.476,1.71181,1.71214,2.25,1.00
2016.12.19 19:05:02.527,1.71181,1.71214,1.87,1.00
2016.12.19 19:05:02.628,1.71181,1.71208,2.62,1.00
2016.12.19 19:05:02.875,1.71181,1.71213,1.00,1.00
2016.12.19 19:05:02.926,1.71181,1.71204,1.00,1.00
2016.12.19 19:05:03.127,1.71171,1.71203,1.12,1.84
2016.12.19 19:05:03.228,1.71169,1.71202,1.37,1.12
2016.12.19 19:05:03.430,1.71168,1.71201,1.00,1.37
2016.12.19 19:05:03.532,1.71172,1.71199,1.00,1.50
2016.12.19 19:05:03.705,1.71166,1.71195,1.12,1.00
2016.12.19 19:05:03.963,1.71164,1.71194,1.00,1.00
2016.12.19 19:05:04.014,1.71162,1.71192,1.00,1.00
2016.12.19 19:05:04.534,1.71161,1.71188,1.12,1.00
2016.12.19 19:05:04.836,1.71153,1.71183,1.50,1.00
2016.12.19 19:05:04.937,1.71152,1.71189,1.75,1.52
2016.12.19 19:05:05.038,1.71155,1.71183,1.00,1.00
2016.12.19 19:05:05.190,1.71152,1.71183,1.00,1.00
2016.12.19 19:05:05.631,1.7115,1.71173,1.00,1.00
2016.12.19 19:05:05.731,1.7115,1.71179,1.00,1.00
2016.12.19 19:05:05.833,1.71147,1.71174,1.12,1.00
2016.12.19 19:05:05.933,1.71142,1.71173,1.37,1.00
2016.12.19 19:05:05.984,1.71143,1.71178,1.00,1.00
2016.12.19 19:05:06.085,1.71143,1.71179,1.00,1.87
2016.12.19 19:05:06.387,1.71142,1.71171,1.00,1.00
2016.12.19 19:05:06.590,1.71142,1.71174,1.00,1.50
2016.12.19 19:05:06.640,1.71142,1.71172,1.00,1.00
2016.12.19 19:05:06.742,1.71137,1.7117,1.12,1.00
2016.12.19 19:05:06.843,1.71137,1.71174,2.62,1.12
2016.12.19 19:05:06.944,1.71138,1.7117,1.00,1.00
2016.12.19 19:05:07.500,1.71138,1.71171,1.50,1.00
2016.12.19 19:05:07.731,1.71137,1.71175,2.25,1.57
2016.12.19 19:05:07.782,1.71139,1.71174,1.00,1.12
2016.12.19 19:05:08.084,1.71139,1.71174,3.00,1.20
2016.12.19 19:05:08.336,1.71138,1.71173,1.12,1.00
2016.12.19 19:05:08.487,1.71144,1.71174,1.00,1.12
2016.12.19 19:05:08.790,1.71148,1.71179,1.00,1.00
2016.12.19 19:05:08.930,1.71149,1.71179,1.00,1.15
2016.12.19 19:05:09.481,1.71148,1.71178,1.00,1.15
2016.12.19 19:05:09.792,1.71142,1.71169,1.87,1.20
2016.12.19 19:05:09.943,1.71137,1.71168,1.00,1.20
2016.12.19 19:05:09.994,1.71137,1.71168,1.00,1.35
2016.12.19 19:05:10.590,1.71137,1.71168,1.00,1.15
2016.12.19 19:05:10.892,1.71139,1.71168,1.00,1.15
2016.12.19 19:05:11.091,1.71138,1.71168,1.00,1.35
2016.12.19 19:05:11.615,1.71138,1.71168,1.00,1.35
2016.12.19 19:05:11.801,1.71137,1.71174,1.00,1.52
2016.12.19 19:05:11.852,1.71141,1.71173,1.00,1.15
2016.12.19 19:05:11.903,1.71142,1.71174,1.00,1.37
2016.12.19 19:05:12.003,1.71142,1.71175,1.00,1.12
2016.12.19 19:05:12.155,1.71142,1.71179,1.87,2.02
2016.12.19 19:05:12.940,1.71141,1.71179,2.25,1.52
2016.12.19 19:05:13.739,1.71144,1.71179,1.00,1.52
2016.12.19 19:05:14.433,1.71144,1.7118,1.00,1.27
2016.12.19 19:05:15.051,1.71142,1.7118,1.12,1.52
2016.12.19 19:05:15.525,1.71146,1.7118,1.00,1.27
2016.12.19 19:05:15.828,1.71146,1.71182,1.75,1.52
2016.12.19 19:05:16.133,1.71142,1.71179,1.00,1.65
2016.12.19 19:05:16.236,1.71144,1.71179,1.00,1.27
2016.12.19 19:05:16.345,1.71144,1.71179,1.00,1.50
2016.12.19 19:05:16.547,1.71143,1.7118,1.75,1.37
2016.12.19 19:05:16.648,1.71146,1.71183,1.37,1.65
2016.12.19 19:05:16.749,1.71146,1.71183,1.37,1.12
2016.12.19 19:05:17.298,1.71145,1.71183,1.37,1.12
2016.12.19 19:05:17.450,1.71145,1.7118,1.37,1.37
2016.12.19 19:05:17.824,1.71149,1.71181,1.00,1.50
2016.12.19 19:05:18.144,1.71153,1.71184,1.00,1.37
2016.12.19 19:05:18.664,1.71153,1.71186,1.00,1.37
2016.12.19 19:05:18.714,1.7115,1.71188,2.62,3.00
2016.12.19 19:05:18.815,1.7115,1.71188,2.62,3.00
2016.12.19 19:05:19.774,1.7115,1.71189,1.50,3.75
2016.12.19 19:05:21.286,1.7115,1.71187,2.25,1.37
2016.12.19 19:05:21.803,1.7115,1.71188,1.50,3.00
2016.12.19 19:05:22.355,1.7115,1.71187,1.50,1.00
2016.12.19 19:05:23.207,1.7115,1.71188,3.00,3.00
2016.12.19 19:05:23.941,1.71155,1.71186,1.00,1.00
2016.12.19 19:05:24.243,1.71154,1.71184,1.00,1.00
2016.12.19 19:05:24.615,1.71154,1.71188,1.00,1.12
2016.12.19 19:05:27.468,1.71151,1.71188,1.12,1.00
2016.12.19 19:05:27.518,1.71154,1.7119,1.00,1.37
2016.12.19 19:05:27.827,1.7116,1.71194,1.50,1.37
2016.12.19 19:05:28.129,1.71164,1.71194,1.50,1.00
2016.12.19 19:05:28.684,1.71164,1.71193,1.50,1.00
2016.12.19 19:05:29.036,1.7116,1.71197,1.75,1.50
2016.12.19 19:05:31.891,1.7116,1.71193,1.95,1.00
2016.12.19 19:05:32.910,1.71159,1.71196,2.40,1.12
2016.12.19 19:05:33.325,1.7116,1.71194,1.95,1.00
2016.12.19 19:05:33.476,1.7116,1.71196,1.00,2.62
2016.12.19 19:05:33.979,1.71159,1.71195,1.27,1.87
2016.12.19 19:05:34.030,1.71159,1.71193,1.27,1.00
2016.12.19 19:05:34.565,1.71159,1.71195,1.27,1.12
2016.12.19 19:05:35.014,1.71159,1.71193,1.27,1.00
2016.12.19 19:05:35.418,1.71159,1.71195,1.27,1.12
2016.12.19 19:05:36.715,1.7116,1.71193,1.20,1.00
2016.12.19 19:05:37.253,1.71159,1.71193,1.12,1.00
2016.12.19 19:05:37.867,1.71159,1.71194,1.12,2.25
2016.12.19 19:05:38.885,1.7116,1.71194,1.00,2.25
2016.12.19 19:05:39.345,1.7116,1.71194,1.00,1.75
2016.12.19 19:05:39.984,1.71159,1.71192,1.12,1.12
2016.12.19 19:05:40.357,1.71156,1.71194,1.90,1.87
2016.12.19 19:05:40.877,1.71155,1.71193,1.90,1.00
2016.12.19 19:05:41.517,1.71157,1.71194,1.65,1.50
2016.12.19 19:05:42.951,1.71157,1.71192,1.65,1.50
2016.12.19 19:05:43.961,1.71157,1.71193,1.50,1.87
2016.12.19 19:05:45.670,1.7116,1.71193,1.00,2.25
2016.12.19 19:05:45.972,1.71165,1.71199,1.00,2.25
2016.12.19 19:05:46.274,1.71159,1.71194,1.00,2.25
2016.12.19 19:05:46.818,1.71158,1.71193,2.02,1.00
2016.12.19 19:05:47.071,1.71157,1.71191,1.65,1.00
2016.12.19 19:05:47.649,1.71157,1.71191,1.65,2.25
2016.12.19 19:05:48.196,1.71157,1.71189,1.65,1.00
2016.12.19 19:05:48.665,1.71154,1.71191,1.90,1.00
2016.12.19 19:05:49.566,1.71155,1.71193,1.90,1.75
2016.12.19 19:05:50.128,1.71155,1.71188,1.90,1.00
2016.12.19 19:05:54.556,1.71155,1.71191,1.90,1.50
2016.12.19 19:05:55.079,1.71155,1.71189,1.90,1.00
2016.12.19 19:05:55.739,1.71155,1.71191,1.15,1.87
2016.12.19 19:05:57.632,1.71155,1.71191,1.15,1.87
2016.12.19 19:05:57.733,1.71153,1.71184,4.27,1.00
2016.12.19 19:05:57.784,1.71153,1.71188,1.52,1.00
2016.12.19 19:05:57.885,1.71154,1.71187,1.12,1.00
2016.12.19 19:05:58.600,1.71153,1.71188,1.87,2.25
2016.12.19 19:05:59.193,1.71152,1.71189,1.87,1.87
2016.12.19 19:05:59.244,1.71158,1.71191,1.00,1.37
2016.12.19 19:05:59.546,1.71169,1.71198,1.84,1.00
2016.12.19 19:05:59.596,1.71169,1.712,1.84,1.00
2016.12.19 19:05:59.848,1.71171,1.71203,1.12,1.00
2016.12.19 19:05:59.899,1.71171,1.712,1.12,1.50
2016.12.19 19:06:00.000,1.71165,1.712,1.50,1.87
2016.12.19 19:06:00.544,1.71164,1.71202,1.87,2.62
2016.12.19 19:06:01.199,1.71165,1.71201,1.50,1.00
2016.12.19 19:06:01.300,1.71165,1.71203,2.02,1.50
2016.12.19 19:06:01.502,1.71169,1.71203,1.00,1.50
2016.12.19 19:06:02.199,1.71169,1.71202,1.50,1.12
2016.12.19 19:06:02.883,1.71168,1.71202,1.20,1.50
2016.12.19 19:06:03.311,1.71172,1.71203,1.12,1.50
2016.12.19 19:06:05.448,1.71172,1.71204,1.12,1.50
2016.12.19 19:06:05.758,1.71167,1.71199,1.12,1.50
2016.12.19 19:06:06.509,1.71166,1.71198,1.37,1.00
2016.12.19 19:06:07.126,1.71167,1.71199,1.12,1.00
2016.12.19 19:06:10.165,1.71167,1.71198,1.12,1.00
2016.12.19 19:06:11.419,1.71167,1.71199,1.12,1.00
2016.12.19 19:06:12.545,1.71166,1.712,1.37,1.12
2016.12.19 19:06:18.659,1.71167,1.71203,1.12,3.00
2016.12.19 19:06:18.844,1.71168,1.71201,1.00,2.25
2016.12.19 19:06:19.045,1.71169,1.71203,1.00,1.00
2016.12.19 19:06:19.760,1.71168,1.71201,1.00,1.00
2016.12.19 19:06:20.154,1.71167,1.71201,1.12,1.75
2016.12.19 19:06:20.502,1.71172,1.71199,1.00,1.00
2016.12.19 19:06:20.553,1.71172,1.71202,1.00,1.87
2016.12.19 19:06:21.057,1.71173,1.71203,1.00,1.00
2016.12.19 19:06:21.567,1.71172,1.71203,1.12,1.00
2016.12.19 19:06:21.724,1.71174,1.71203,1.00,1.00
2016.12.19 19:06:22.027,1.71172,1.71203,1.12,1.00
2016.12.19 19:06:22.128,1.7117,1.71203,1.20,1.00
2016.12.19 19:06:22.652,1.71169,1.71206,1.20,1.75
2016.12.19 19:06:23.036,1.71172,1.71206,1.00,1.75
2016.12.19 19:06:23.424,1.71176,1.71206,1.00,1.75
2016.12.19 19:06:25.597,1.71178,1.71209,1.00,1.87
2016.12.19 19:06:25.698,1.71175,1.71207,1.00,1.12
2016.12.19 19:06:26.210,1.71173,1.71207,1.00,1.75
2016.12.19 19:06:26.311,1.71173,1.71201,1.00,1.00
2016.12.19 19:06:26.563,1.71166,1.71198,1.12,2.25
2016.12.19 19:06:26.888,1.71163,1.71197,1.75,1.50
2016.12.19 19:06:27.391,1.71167,1.71198,1.50,1.00
2016.12.19 19:06:27.442,1.71172,1.71198,1.00,1.00
2016.12.19 19:06:27.492,1.71172,1.71202,1.00,1.00
2016.12.19 19:06:27.593,1.71171,1.71204,1.37,1.12
2016.12.19 19:06:27.751,1.71171,1.71206,1.50,1.12
2016.12.19 19:06:28.546,1.71173,1.71205,1.00,2.25
2016.12.19 19:06:29.207,1.71173,1.71206,1.00,1.00
2016.12.19 19:06:29.819,1.71178,1.71209,1.00,1.87
2016.12.19 19:06:29.870,1.71178,1.71209,1.00,1.37
2016.12.19 19:06:30.021,1.71176,1.71203,1.00,1.00
2016.12.19 19:06:30.172,1.71172,1.71203,1.50,1.00
2016.12.19 19:06:30.424,1.71172,1.71205,1.12,1.12
2016.12.19 19:06:30.525,1.71175,1.71203,1.00,1.00
2016.12.19 19:06:30.828,1.71173,1.71204,1.00,1.00
2016.12.19 19:06:30.934,1.7117,1.71204,1.12,1.00
2016.12.19 19:06:31.086,1.71171,1.71199,1.00,1.00
2016.12.19 19:06:31.288,1.7117,1.71203,1.12,1.50
2016.12.19 19:06:31.339,1.7117,1.71198,1.12,1.00
2016.12.19 19:06:31.541,1.7117,1.71203,1.12,1.87
2016.12.19 19:06:31.740,1.71173,1.71203,1.00,1.37
2016.12.19 19:06:31.841,1.71171,1.71203,1.00,1.00
2016.12.19 19:06:32.362,1.7117,1.71203,1.12,1.00
2016.12.19 19:06:32.860,1.71171,1.71206,1.00,1.50
2016.12.19 19:06:32.911,1.71174,1.71206,1.00,1.12
2016.12.19 19:06:33.224,1.71173,1.71203,1.00,1.00
2016.12.19 19:06:33.426,1.71172,1.71205,1.50,1.50
2016.12.19 19:06:33.476,1.71177,1.71207,1.50,1.50
2016.12.19 19:06:33.779,1.71177,1.71198,1.12,1.00
2016.12.19 19:06:33.932,1.71168,1.71203,1.00,1.71
2016.12.19 19:06:34.083,1.71168,1.712,1.00,1.00
2016.12.19 19:06:34.285,1.71171,1.71204,2.25,1.50
2016.12.19 19:06:34.670,1.71171,1.71202,1.87,1.00
2016.12.19 19:06:35.672,1.71171,1.71203,1.37,2.62
2016.12.19 19:06:36.411,1.71171,1.71198,1.37,1.00
2016.12.19 19:06:36.462,1.71174,1.71203,1.00,2.25
2016.12.19 19:06:36.512,1.71177,1.71204,1.00,1.50
2016.12.19 19:06:36.675,1.71179,1.71208,1.00,1.00
2016.12.19 19:06:36.826,1.71179,1.71204,1.37,1.00
2016.12.19 19:06:36.977,1.71171,1.71203,2.25,1.50
2016.12.19 19:06:37.128,1.71171,1.71204,1.50,1.87
2016.12.19 19:06:37.638,1.71171,1.71203,1.50,1.50
2016.12.19 19:06:38.456,1.71172,1.71203,1.00,1.50
2016.12.19 19:06:38.506,1.71174,1.71204,1.00,1.00
2016.12.19 19:06:38.658,1.71177,1.71209,1.50,1.87
2016.12.19 19:06:38.708,1.71178,1.71207,1.00,1.87
2016.12.19 19:06:38.924,1.71169,1.712,1.12,1.00
2016.12.19 19:06:39.075,1.7117,1.712,1.37,1.00
2016.12.19 19:06:39.125,1.71174,1.71208,1.37,1.75
2016.12.19 19:06:39.176,1.71174,1.71209,1.50,3.75
2016.12.19 19:06:39.277,1.71174,1.71208,2.62,1.00
2016.12.19 19:06:39.327,1.71174,1.71204,2.25,1.00
2016.12.19 19:06:39.529,1.71169,1.71202,1.00,1.00
2016.12.19 19:06:39.630,1.71166,1.712,1.87,1.87
2016.12.19 19:06:39.831,1.71166,1.71202,1.50,1.87
2016.12.19 19:06:39.932,1.71166,1.71197,1.87,1.00
2016.12.19 19:06:40.435,1.71166,1.71198,1.12,1.00
2016.12.19 19:06:42.637,1.71167,1.71198,1.00,1.00
2016.12.19 19:06:43.164,1.71166,1.71198,1.00,1.00
2016.12.19 19:06:45.062,1.71168,1.71198,1.00,1.00
2016.12.19 19:06:45.337,1.71164,1.71198,1.50,1.00
2016.12.19 19:06:45.666,1.71166,1.71198,1.00,1.00
2016.12.19 19:06:46.294,1.71165,1.71198,1.00,1.00
2016.12.19 19:06:46.844,1.71164,1.71198,1.00,1.00
2016.12.19 19:06:47.315,1.71167,1.71198,1.00,1.00
2016.12.19 19:06:48.968,1.71171,1.71204,1.00,1.50
2016.12.19 19:06:49.169,1.71166,1.71203,1.00,2.25
2016.12.19 19:06:49.691,1.71165,1.71197,1.87,1.00
2016.12.19 19:06:50.861,1.71165,1.71198,1.87,1.00
2016.12.19 19:06:50.992,1.71165,1.71201,1.87,1.50
2016.12.19 19:06:51.054,1.71167,1.71202,1.00,1.87
2016.12.19 19:06:51.356,1.71171,1.71204,1.75,1.00
2016.12.19 19:06:51.658,1.71165,1.71198,1.12,1.00
2016.12.19 19:06:51.759,1.71164,1.71193,1.00,1.00
2016.12.19 19:06:51.859,1.71162,1.71193,1.87,1.00
2016.12.19 19:06:52.378,1.71164,1.71193,1.00,1.00
2016.12.19 19:06:52.702,1.71161,1.71194,1.50,1.00
2016.12.19 19:06:53.018,1.7116,1.71198,2.62,2.62
2016.12.19 19:06:53.562,1.71161,1.71198,1.12,2.62
2016.12.19 19:06:53.663,1.71161,1.71194,1.12,1.00
2016.12.19 19:06:53.965,1.71157,1.71184,1.75,1.50
2016.12.19 19:06:54.271,1.71134,1.71167,1.12,1.50
2016.12.19 19:06:54.373,1.71134,1.71167,1.37,2.25
2016.12.19 19:06:54.473,1.71133,1.71167,1.00,1.87
2016.12.19 19:06:55.119,1.71132,1.71167,1.00,3.00
2016.12.19 19:06:55.674,1.71135,1.71167,1.00,1.87
2016.12.19 19:06:55.775,1.71133,1.71167,1.87,1.37
2016.12.19 19:06:55.825,1.71135,1.71167,1.50,1.37
2016.12.19 19:06:56.027,1.71133,1.71168,1.12,2.62
2016.12.19 19:06:56.247,1.71134,1.71167,1.00,1.87
2016.12.19 19:06:56.735,1.71131,1.71166,1.87,2.62
2016.12.19 19:06:57.264,1.71132,1.71166,1.00,2.62
2016.12.19 19:06:58.263,1.71131,1.71165,1.87,1.87
2016.12.19 19:06:59.163,1.7113,1.71163,1.00,3.00
2016.12.19 19:06:59.925,1.71129,1.71163,1.12,2.62
2016.12.19 19:07:00.376,1.71128,1.71159,1.00,1.00
2016.12.19 19:07:00.477,1.71124,1.71157,1.12,1.12
2016.12.19 19:07:00.780,1.71124,1.71158,1.75,1.12
2016.12.19 19:07:00.982,1.71124,1.71162,1.50,1.87
2016.12.19 19:07:01.082,1.71126,1.71163,1.00,2.62
2016.12.19 19:07:01.334,1.71128,1.71163,1.00,2.25
2016.12.19 19:07:01.658,1.71132,1.71164,1.00,2.62
2016.12.19 19:07:01.759,1.7113,1.71164,1.12,1.87
2016.12.19 19:07:02.326,1.71129,1.71163,1.50,2.25
2016.12.19 19:07:02.838,1.71134,1.71167,1.00,1.75
2016.12.19 19:07:02.987,1.71135,1.71167,1.50,2.25
2016.12.19 19:07:03.193,1.71137,1.71167,1.00,1.00
2016.12.19 19:07:03.445,1.71138,1.7117,1.87,3.00
2016.12.19 19:07:03.546,1.7114,1.7117,1.00,2.25
2016.12.19 19:07:05.675,1.71138,1.7117,1.87,1.50
2016.12.19 19:07:05.938,1.7114,1.7117,1.00,1.50
2016.12.19 19:07:06.240,1.71147,1.71179,1.37,1.50
2016.12.19 19:07:06.291,1.7115,1.71181,1.00,1.12
2016.12.19 19:07:06.392,1.71152,1.71181,1.87,1.50
2016.12.19 19:07:07.376,1.71151,1.71182,1.87,1.87
2016.12.19 19:07:07.917,1.71151,1.71181,2.62,1.50
2016.12.19 19:07:08.449,1.71152,1.71182,1.00,1.87
2016.12.19 19:07:08.971,1.71152,1.71182,1.00,1.87
2016.12.19 19:07:09.284,1.71154,1.71182,1.00,1.87
2016.12.19 19:07:09.794,1.71154,1.71182,1.00,1.87
2016.12.19 19:07:10.145,1.71157,1.71184,1.00,1.37
2016.12.19 19:07:10.268,1.71157,1.71184,1.00,1.37
2016.12.19 19:07:10.421,1.71158,1.71186,1.00,1.87
2016.12.19 19:07:10.894,1.7116,1.71187,1.00,1.87
2016.12.19 19:07:11.406,1.71159,1.71187,1.00,1.87
2016.12.19 19:07:11.773,1.71162,1.71187,1.00,1.50
2016.12.19 19:07:12.353,1.71162,1.71192,1.00,1.37
2016.12.19 19:07:12.467,1.71164,1.71193,1.00,1.50
2016.12.19 19:07:12.518,1.71162,1.71194,1.00,1.12
2016.12.19 19:07:12.569,1.71162,1.71195,1.00,3.37
2016.12.19 19:07:17.485,1.71159,1.71191,1.50,1.00
2016.12.19 19:07:18.011,1.7116,1.71192,1.00,1.50
2016.12.19 19:07:18.584,1.71162,1.71194,1.00,1.50
2016.12.19 19:07:18.887,1.71163,1.71195,1.00,2.62
2016.12.19 19:07:19.189,1.71162,1.71193,1.12,1.12
2016.12.19 19:07:19.391,1.71159,1.71193,1.12,1.12
2016.12.19 19:07:19.492,1.71161,1.71193,1.12,1.12
2016.12.19 19:07:20.033,1.7116,1.71192,3.00,1.00
2016.12.19 19:07:20.565,1.71159,1.71191,1.00,1.20
2016.12.19 19:07:21.158,1.71159,1.71192,1.37,1.15
2016.12.19 19:07:21.514,1.71164,1.71193,1.50,1.12
2016.12.19 19:07:22.045,1.71163,1.71194,1.50,1.65
2016.12.19 19:07:22.558,1.71163,1.71193,1.00,1.27
2016.12.19 19:07:22.924,1.71163,1.71193,1.00,1.27
2016.12.19 19:07:23.327,1.71161,1.71194,1.50,2.40
2016.12.19 19:07:23.640,1.71166,1.71193,1.00,1.27
2016.12.19 19:07:24.144,1.71167,1.71198,1.00,2.62
2016.12.19 19:07:24.447,1.71167,1.71198,1.50,1.00
2016.12.19 19:07:25.238,1.71167,1.71199,1.00,1.20
2016.12.19 19:07:25.633,1.71169,1.71198,1.00,1.20
2016.12.19 19:07:26.616,1.71171,1.71198,1.00,1.00
2016.12.19 19:07:27.054,1.71167,1.71198,1.50,1.00
2016.12.19 19:07:27.155,1.71166,1.71199,1.00,1.37
2016.12.19 19:07:27.256,1.71167,1.71198,1.00,1.20
2016.12.19 19:07:27.409,1.71169,1.71199,1.00,1.50
2016.12.19 19:07:27.712,1.71172,1.712,1.00,1.50
2016.12.19 19:07:28.217,1.71171,1.71201,1.00,1.87
2016.12.19 19:07:28.767,1.71172,1.712,1.00,1.50
2016.12.19 19:07:29.292,1.71172,1.712,1.00,1.50
2016.12.19 19:07:31.187,1.71171,1.712,1.00,1.00
2016.12.19 19:07:31.753,1.71172,1.712,1.00,1.12
2016.12.19 19:07:33.652,1.71171,1.71201,1.00,1.12
2016.12.19 19:07:36.830,1.71172,1.712,1.00,1.00
2016.12.19 19:07:42.074,1.71171,1.71201,1.00,1.12
2016.12.19 19:07:42.930,1.71172,1.712,1.00,1.50
2016.12.19 19:07:45.732,1.71171,1.71201,1.00,1.87
2016.12.19 19:07:46.237,1.7117,1.71201,1.00,2.62
2016.12.19 19:07:46.974,1.71171,1.712,1.00,1.50
2016.12.19 19:07:48.625,1.71173,1.71201,1.00,1.87
2016.12.19 19:07:49.127,1.71174,1.712,1.00,1.50
2016.12.19 19:07:51.133,1.71171,1.71198,1.00,2.25
2016.12.19 19:07:51.234,1.71162,1.71196,1.37,1.75
2016.12.19 19:07:51.285,1.71162,1.71194,1.00,1.37
2016.12.19 19:07:51.335,1.71161,1.71192,1.00,1.75
2016.12.19 19:07:51.386,1.71161,1.71191,1.00,1.12
2016.12.19 19:07:51.437,1.71161,1.71191,1.00,2.25
2016.12.19 19:07:51.693,1.71157,1.71188,1.00,1.00
2016.12.19 19:07:52.228,1.71156,1.71188,1.00,1.00
2016.12.19 19:07:52.329,1.71156,1.71186,1.00,1.00
2016.12.19 19:07:52.573,1.71157,1.71188,1.87,1.00
2016.12.19 19:07:52.724,1.71162,1.71188,1.00,1.00
2016.12.19 19:07:52.876,1.71162,1.71196,1.00,3.00
2016.12.19 19:07:53.399,1.71162,1.71192,1.00,1.20
2016.12.19 19:07:54.685,1.71162,1.71191,1.00,1.00
2016.12.19 19:07:55.543,1.71161,1.71192,1.00,1.35
2016.12.19 19:07:56.103,1.71161,1.71192,1.00,1.00
2016.12.19 19:07:56.534,1.71167,1.71196,1.00,1.05
2016.12.19 19:07:56.900,1.71167,1.71198,1.00,1.65
2016.12.19 19:07:57.514,1.71164,1.71198,1.12,1.65
2016.12.19 19:07:58.116,1.71166,1.71198,1.00,1.50
2016.12.19 19:08:01.605,1.71166,1.71197,1.00,1.00
2016.12.19 19:08:01.806,1.71167,1.71201,1.87,1.50
2016.12.19 19:08:02.191,1.71172,1.71199,1.00,1.20
2016.12.19 19:08:02.242,1.71168,1.71198,2.25,1.20
2016.12.19 19:08:02.645,1.71166,1.71199,1.00,1.27
2016.12.19 19:08:03.215,1.71163,1.71197,1.50,1.37
2016.12.19 19:08:03.519,1.71167,1.71197,1.00,1.37
2016.12.19 19:08:03.670,1.71166,1.71199,2.25,1.15
2016.12.19 19:08:03.821,1.71172,1.712,1.00,1.27
2016.12.19 19:08:04.023,1.71166,1.712,1.37,1.27
2016.12.19 19:08:04.566,1.71166,1.712,1.00,1.65
2016.12.19 19:08:05.127,1.71166,1.71198,1.00,1.00
2016.12.19 19:08:05.379,1.71172,1.71199,1.00,1.15
2016.12.19 19:08:05.924,1.71172,1.71201,1.12,1.50
2016.12.19 19:08:05.975,1.71172,1.71204,1.37,1.37
2016.12.19 19:08:06.026,1.71174,1.71207,1.87,1.87
2016.12.19 19:08:06.077,1.71174,1.71207,2.62,1.50
2016.12.19 19:08:06.279,1.7117,1.71207,1.87,1.50
2016.12.19 19:08:06.380,1.7117,1.71202,1.00,1.00
2016.12.19 19:08:06.892,1.71169,1.71204,1.00,1.50
2016.12.19 19:08:07.145,1.71171,1.71204,1.00,2.25
2016.12.19 19:08:07.246,1.71167,1.71203,1.75,1.75
2016.12.19 19:08:07.397,1.71167,1.71199,1.00,1.00
2016.12.19 19:08:07.700,1.71168,1.71201,1.00,1.00
2016.12.19 19:08:07.751,1.71166,1.71201,1.50,1.12
2016.12.19 19:08:07.802,1.71164,1.71202,1.12,1.87
2016.12.19 19:08:07.903,1.71162,1.71197,1.50,1.00
2016.12.19 19:08:08.451,1.71162,1.71193,1.00,1.00
2016.12.19 19:08:08.501,1.7116,1.71192,1.00,1.00
2016.12.19 19:08:08.804,1.71157,1.71193,1.75,1.75
2016.12.19 19:08:08.906,1.71155,1.71191,1.87,2.25
2016.12.19 19:08:09.568,1.71154,1.7119,1.12,1.50
2016.12.19 19:08:09.930,1.71153,1.71189,2.25,1.00
2016.12.19 19:08:10.471,1.71153,1.7119,3.00,1.00
2016.12.19 19:08:11.026,1.71154,1.7119,1.12,1.12
2016.12.19 19:08:11.550,1.71152,1.7119,2.62,1.50
2016.12.19 19:08:11.651,1.71154,1.7119,1.50,1.37
2016.12.19 19:08:12.184,1.71156,1.7119,1.00,1.50
2016.12.19 19:08:12.485,1.71161,1.71189,1.00,1.00
2016.12.19 19:08:12.536,1.71161,1.71193,1.00,1.75
2016.12.19 19:08:12.671,1.71159,1.71193,1.50,1.75
2016.12.19 19:08:12.723,1.71162,1.71193,1.00,1.75
2016.12.19 19:08:14.504,1.71159,1.71194,1.75,1.75
2016.12.19 19:08:15.582,1.71161,1.71197,1.00,1.87
2016.12.19 19:08:15.632,1.71161,1.71197,1.12,1.50
2016.12.19 19:08:16.121,1.71161,1.71198,1.12,2.62
2016.12.19 19:08:17.128,1.71162,1.71198,1.37,2.25
2016.12.19 19:08:17.430,1.71166,1.712,1.00,1.75
2016.12.19 19:08:17.732,1.71168,1.712,1.00,1.12
2016.12.19 19:08:18.297,1.71169,1.71201,1.00,1.12
2016.12.19 19:08:18.633,1.71169,1.71206,2.25,3.67
2016.12.19 19:08:18.684,1.71169,1.71206,1.50,1.37
2016.12.19 19:08:18.825,1.7117,1.71203,1.50,1.00
2016.12.19 19:08:18.876,1.71169,1.71203,1.37,1.37
2016.12.19 19:08:19.027,1.7117,1.71203,1.00,2.25
2016.12.19 19:08:19.330,1.71167,1.712,1.12,1.00
2016.12.19 19:08:19.836,1.71167,1.712,1.00,1.50
2016.12.19 19:08:20.335,1.71167,1.71203,1.12,1.37
2016.12.19 19:08:20.536,1.71167,1.71204,1.50,2.25
2016.12.19 19:08:20.871,1.71168,1.71202,1.00,1.37
2016.12.19 19:08:21.173,1.71164,1.71197,1.00,2.21
2016.12.19 19:08:21.802,1.71161,1.71197,1.50,2.96
2016.12.19 19:08:22.747,1.71161,1.71196,2.25,1.87
2016.12.19 19:08:23.712,1.71161,1.71196,2.25,1.34
2016.12.19 19:08:24.015,1.71155,1.71189,1.12,2.21
2016.12.19 19:08:24.519,1.71153,1.71187,1.12,1.71
2016.12.19 19:08:24.620,1.71158,1.71187,1.34,1.37
2016.12.19 19:08:24.721,1.71159,1.71193,2.59,1.87
2016.12.19 19:08:24.878,1.71163,1.71196,1.71,1.87
2016.12.19 19:08:24.929,1.71159,1.71191,1.12,1.50
2016.12.19 19:08:24.979,1.71156,1.71191,2.25,1.50
2016.12.19 19:08:25.030,1.71157,1.71191,1.87,1.75
2016.12.19 19:08:25.232,1.71158,1.71192,1.00,1.50
2016.12.19 19:08:25.462,1.71161,1.71191,1.00,1.00
2016.12.19 19:08:25.512,1.71161,1.71193,1.00,1.00
2016.12.19 19:08:25.764,1.71159,1.71193,1.00,1.00
2016.12.19 19:08:25.815,1.71159,1.71193,1.37,1.00
2016.12.19 19:08:26.524,1.71161,1.71193,1.00,1.00
2016.12.19 19:08:27.082,1.7116,1.71193,1.00,1.00
2016.12.19 19:08:27.412,1.71166,1.71193,1.00,1.00
2016.12.19 19:08:27.614,1.71167,1.71196,1.00,1.00
2016.12.19 19:08:27.665,1.71171,1.71197,1.00,1.37
2016.12.19 19:08:27.715,1.71168,1.71197,1.00,1.37
2016.12.19 19:08:27.867,1.71174,1.71197,1.00,1.00
2016.12.19 19:08:27.968,1.71173,1.71204,1.00,1.50
2016.12.19 19:08:28.019,1.71173,1.71201,1.00,1.00
2016.12.19 19:08:28.504,1.71173,1.71204,1.00,1.37
2016.12.19 19:08:28.707,1.71173,1.71207,1.00,2.25
2016.12.19 19:08:28.859,1.71173,1.71209,2.62,1.37
2016.12.19 19:08:29.037,1.71173,1.71211,3.00,2.25
2016.12.19 19:08:29.137,1.71173,1.71204,2.25,1.00
2016.12.19 19:08:29.339,1.7117,1.71203,1.12,1.50
2016.12.19 19:08:29.595,1.71172,1.71205,1.00,2.25
2016.12.19 19:08:29.897,1.71172,1.71205,1.75,1.00
2016.12.19 19:08:30.200,1.7117,1.71201,1.75,1.00
2016.12.19 19:08:30.713,1.7117,1.71202,1.75,1.12
2016.12.19 19:08:31.476,1.71172,1.71204,1.75,1.37
2016.12.19 19:08:31.628,1.71173,1.71206,1.50,1.87
2016.12.19 19:08:32.343,1.71173,1.71207,1.50,2.25
2016.12.19 19:08:32.775,1.71168,1.71202,1.75,1.12
2016.12.19 19:08:32.826,1.71169,1.71202,1.00,1.50
2016.12.19 19:08:33.354,1.71169,1.71201,1.50,1.00
2016.12.19 19:08:33.943,1.71169,1.71202,1.00,1.00
2016.12.19 19:08:35.225,1.71174,1.71202,1.00,1.00
2016.12.19 19:08:35.802,1.71173,1.71203,1.00,1.87
2016.12.19 19:08:36.324,1.71174,1.71202,1.00,3.37
2016.12.19 19:08:38.269,1.71173,1.71202,1.00,1.50
2016.12.19 19:08:38.775,1.71174,1.71202,1.00,1.00
2016.12.19 19:08:39.323,1.71173,1.71203,1.00,1.37
2016.12.19 19:08:39.633,1.71173,1.71204,1.50,1.50
2016.12.19 19:08:40.188,1.71173,1.71203,1.50,1.87
2016.12.19 19:08:40.743,1.71173,1.71203,1.50,1.37
2016.12.19 19:08:41.340,1.71173,1.71203,1.50,1.00
2016.12.19 19:08:41.944,1.71173,1.71202,1.50,1.87
2016.12.19 19:08:43.443,1.71173,1.71203,1.50,1.00
2016.12.19 19:08:44.092,1.71173,1.71204,1.50,1.87
2016.12.19 19:08:45.185,1.71173,1.71201,1.50,1.00
2016.12.19 19:08:45.437,1.71173,1.712,1.00,1.00
2016.12.19 19:08:45.964,1.71173,1.71201,1.00,1.12
2016.12.19 19:08:47.235,1.71173,1.71199,1.00,1.00
2016.12.19 19:08:47.285,1.7117,1.71197,1.00,1.00
2016.12.19 19:08:47.337,1.7117,1.71197,1.00,1.37
2016.12.19 19:08:47.387,1.71162,1.71194,1.00,1.87
2016.12.19 19:08:47.489,1.71168,1.71194,1.00,1.12
2016.12.19 19:08:47.590,1.71168,1.71199,1.50,1.00
2016.12.19 19:08:47.691,1.7117,1.712,1.00,1.00
2016.12.19 19:08:48.244,1.7117,1.71201,1.00,1.12
2016.12.19 19:08:48.944,1.7117,1.71198,1.00,1.00
2016.12.19 19:08:49.196,1.71163,1.71194,1.12,1.00
2016.12.19 19:08:49.398,1.71169,1.71198,1.00,1.75
2016.12.19 19:08:49.499,1.71169,1.71198,1.00,1.50
2016.12.19 19:08:49.650,1.71166,1.71198,1.00,1.12
2016.12.19 19:08:49.802,1.71172,1.71202,1.00,1.87
2016.12.19 19:08:50.004,1.71173,1.71205,1.00,1.00
2016.12.19 19:08:50.138,1.71176,1.71208,1.00,1.75
2016.12.19 19:08:50.189,1.71177,1.71207,1.00,1.12
2016.12.19 19:08:50.290,1.71184,1.71208,1.00,1.00
2016.12.19 19:08:50.391,1.71185,1.71217,1.87,1.37
2016.12.19 19:08:50.442,1.71185,1.7122,2.25,1.37
2016.12.19 19:08:50.493,1.71196,1.71223,1.50,1.37
2016.12.19 19:08:50.594,1.71197,1.71226,1.50,1.37
2016.12.19 19:08:50.695,1.71197,1.71228,1.87,2.25
2016.12.19 19:08:51.524,1.71197,1.71225,1.12,1.00
2016.12.19 19:08:51.575,1.712,1.71225,1.37,1.00
2016.12.19 19:08:52.196,1.71201,1.71226,1.00,1.00
2016.12.19 19:08:52.897,1.71201,1.71225,1.00,1.00
2016.12.19 19:08:53.149,1.71197,1.7123,1.00,1.75
2016.12.19 19:08:53.200,1.71199,1.7123,1.00,1.50
2016.12.19 19:08:53.503,1.71197,1.71224,2.25,1.00
2016.12.19 19:08:53.654,1.71197,1.71223,1.12,1.00
2016.12.19 19:08:56.187,1.71197,1.71227,1.12,1.50
2016.12.19 19:08:56.695,1.71191,1.71224,1.75,1.00
2016.12.19 19:08:56.896,1.71191,1.71225,1.00,1.75
2016.12.19 19:08:56.997,1.71191,1.71225,1.00,1.75
2016.12.19 19:08:57.519,1.7119,1.71225,1.27,1.75
2016.12.19 19:08:57.620,1.7119,1.71224,1.27,1.12
2016.12.19 19:08:57.772,1.7119,1.7122,1.27,1.00
2016.12.19 19:08:58.275,1.71191,1.71222,1.00,1.37
2016.12.19 19:08:59.292,1.7119,1.71223,1.27,1.12
2016.12.19 19:09:00.291,1.7119,1.71225,1.27,2.25
2016.12.19 19:09:00.393,1.712,1.71224,1.00,1.37
2016.12.19 19:09:00.495,1.71201,1.71227,1.00,1.12
2016.12.19 19:09:00.597,1.71205,1.71231,1.00,1.50
2016.12.19 19:09:00.906,1.71208,1.71231,1.00,1.12
2016.12.19 19:09:01.212,1.71198,1.71231,1.00,1.87
2016.12.19 19:09:01.376,1.71198,1.7123,1.00,1.87
2016.12.19 19:09:01.585,1.71195,1.71226,1.12,1.12
2016.12.19 19:09:01.905,1.71195,1.71224,1.12,1.12
2016.12.19 19:09:02.409,1.71195,1.71225,1.87,2.25
2016.12.19 19:09:02.847,1.7119,1.71221,1.75,1.00
2016.12.19 19:09:03.351,1.71195,1.71222,1.12,2.25
2016.12.19 19:09:03.453,1.71195,1.71222,1.12,1.12
2016.12.19 19:09:03.504,1.71199,1.71224,1.00,1.50
2016.12.19 19:09:03.806,1.71196,1.71227,1.00,1.75
2016.12.19 19:09:04.311,1.71195,1.71223,1.00,1.00
2016.12.19 19:09:04.468,1.71195,1.71227,1.00,2.25
2016.12.19 19:09:04.972,1.71196,1.71227,1.00,2.40
2016.12.19 19:09:05.074,1.71196,1.71226,1.00,2.40
2016.12.19 19:09:05.226,1.71195,1.71225,1.00,2.62
2016.12.19 19:09:05.305,1.71196,1.71225,1.00,2.62
2016.12.19 19:09:05.355,1.71192,1.71225,1.75,2.62
2016.12.19 19:09:05.406,1.7119,1.71223,1.75,1.12
2016.12.19 19:09:05.608,1.71191,1.71222,1.00,1.37
2016.12.19 19:09:05.659,1.7119,1.71222,1.00,1.37
2016.12.19 19:09:06.516,1.7119,1.7122,1.00,1.37
2016.12.19 19:09:07.021,1.7119,1.71219,1.00,1.00
2016.12.19 19:09:07.536,1.71191,1.71219,1.00,1.12
2016.12.19 19:09:08.272,1.71191,1.71218,1.00,1.00
2016.12.19 19:09:08.322,1.7119,1.7122,1.00,1.00
2016.12.19 19:09:08.424,1.71195,1.71222,1.00,1.50
2016.12.19 19:09:08.526,1.71195,1.71226,1.12,1.00
2016.12.19 19:09:08.627,1.71195,1.71223,1.12,1.00
2016.12.19 19:09:08.829,1.71188,1.71219,1.12,1.00
2016.12.19 19:09:08.980,1.71189,1.71221,1.00,2.25
2016.12.19 19:09:09.164,1.71189,1.71214,1.12,1.87
2016.12.19 19:09:09.215,1.71188,1.71215,1.00,1.87
2016.12.19 19:09:09.418,1.71181,1.71215,2.25,2.62
2016.12.19 19:09:09.620,1.71178,1.71211,1.00,1.50
2016.12.19 19:09:09.721,1.71183,1.71211,1.50,1.00
2016.12.19 19:09:09.822,1.71184,1.71215,1.50,1.00
2016.12.19 19:09:10.030,1.71187,1.71216,1.12,1.00
2016.12.19 19:09:10.568,1.71188,1.7122,1.00,1.37
2016.12.19 19:09:10.618,1.71188,1.7122,1.50,1.00
2016.12.19 19:09:11.122,1.71189,1.71222,1.12,2.25
2016.12.19 19:09:11.428,1.7119,1.7122,1.50,1.00
2016.12.19 19:09:11.630,1.71193,1.71227,1.00,1.87
2016.12.19 19:09:11.833,1.71191,1.71227,2.25,1.87
2016.12.19 19:09:12.155,1.71186,1.71223,3.37,1.12
2016.12.19 19:09:12.257,1.71192,1.71223,1.00,1.00
2016.12.19 19:09:12.559,1.71199,1.71227,1.00,1.00
2016.12.19 19:09:12.661,1.71196,1.71227,1.00,1.12
2016.12.19 19:09:12.717,1.71196,1.71227,1.00,1.37
2016.12.19 19:09:12.768,1.71188,1.71222,2.62,1.12
2016.12.19 19:09:12.872,1.71187,1.71219,1.75,1.00
2016.12.19 19:09:12.923,1.71181,1.71219,2.62,1.00
2016.12.19 19:09:12.974,1.71181,1.7122,2.25,1.00
2016.12.19 19:09:13.024,1.71182,1.71222,1.00,1.75
2016.12.19 19:09:13.369,1.71182,1.71214,1.00,1.12
2016.12.19 19:09:13.470,1.71178,1.71214,1.00,1.37
2016.12.19 19:09:13.571,1.71178,1.71209,1.37,1.00
2016.12.19 19:09:13.622,1.71176,1.71212,1.50,2.62
2016.12.19 19:09:13.673,1.71176,1.7121,1.12,1.00
2016.12.19 19:09:13.925,1.71179,1.71212,1.00,1.37
2016.12.19 19:09:14.177,1.7118,1.71213,1.00,1.00
2016.12.19 19:09:14.506,1.71179,1.71214,1.12,2.62
2016.12.19 19:09:14.808,1.71181,1.71214,1.00,1.27
2016.12.19 19:09:14.859,1.71181,1.71214,1.12,1.12
2016.12.19 19:09:14.960,1.71184,1.71218,1.00,1.27
2016.12.19 19:09:15.011,1.71184,1.71218,1.00,1.15
2016.12.19 19:09:15.112,1.71186,1.71219,1.00,1.50
2016.12.19 19:09:15.163,1.71182,1.71218,1.50,1.00
2016.12.19 19:09:15.213,1.71182,1.71218,1.00,2.25
2016.12.19 19:09:15.568,1.71187,1.7122,1.00,3.00
2016.12.19 19:09:15.619,1.71185,1.7122,2.25,2.25
2016.12.19 19:09:15.720,1.71185,1.71219,1.50,1.12
2016.12.19 19:09:16.023,1.71189,1.71224,3.37,1.42
2016.12.19 19:09:16.073,1.71189,1.71224,3.37,1.42
2016.12.19 19:09:16.124,1.71191,1.71225,1.00,2.40
2016.12.19 19:09:16.857,1.71191,1.71226,1.12,1.97
2016.12.19 19:09:17.204,1.71186,1.71222,2.25,1.37
2016.12.19 19:09:18.600,1.71187,1.71223,1.12,1.52
2016.12.19 19:09:18.786,1.71192,1.71225,1.00,1.87
2016.12.19 19:09:19.089,1.71192,1.71225,1.00,1.37
2016.12.19 19:09:19.140,1.71192,1.71227,1.00,2.25
2016.12.19 19:09:19.302,1.71185,1.71221,1.37,1.12
2016.12.19 19:09:19.504,1.71184,1.71216,2.25,1.00
2016.12.19 19:09:19.805,1.71178,1.71214,1.37,1.87
2016.12.19 19:09:19.856,1.71176,1.71213,1.12,1.37
2016.12.19 19:09:19.907,1.71176,1.71213,1.12,1.37
2016.12.19 19:09:19.957,1.71176,1.7121,1.50,1.12
2016.12.19 19:09:20.260,1.71178,1.71212,1.00,1.37
2016.12.19 19:09:20.311,1.71177,1.71212,2.25,1.37
2016.12.19 19:09:20.362,1.71178,1.71214,1.00,1.75
2016.12.19 19:09:20.463,1.71177,1.71207,1.12,1.37
2016.12.19 19:09:20.586,1.71178,1.71208,1.00,1.87
2016.12.19 19:09:20.713,1.71178,1.71212,1.50,1.12
2016.12.19 19:09:20.764,1.71174,1.71212,1.37,1.12
2016.12.19 19:09:21.067,1.71171,1.71199,1.00,1.12
2016.12.19 19:09:21.118,1.71165,1.71199,1.75,1.12
2016.12.19 19:09:21.284,1.71167,1.71204,1.50,3.00
2016.12.19 19:09:21.335,1.71169,1.712,1.00,1.00
2016.12.19 19:09:21.537,1.71166,1.71202,1.50,1.00
2016.12.19 19:09:21.588,1.71166,1.71199,1.37,1.50
2016.12.19 19:09:21.690,1.71165,1.71198,2.62,1.12
2016.12.19 19:09:21.740,1.71171,1.712,1.50,1.37
2016.12.19 19:09:21.791,1.71174,1.71203,1.00,1.12
2016.12.19 19:09:21.842,1.71179,1.71203,1.00,1.12
2016.12.19 19:09:21.893,1.71178,1.71207,1.00,1.00
2016.12.19 19:09:21.944,1.71178,1.71207,1.75,1.00
2016.12.19 19:09:22.146,1.71175,1.71207,1.00,1.00
2016.12.19 19:09:22.377,1.71175,1.71208,1.00,1.37
2016.12.19 19:09:22.904,1.71174,1.71203,1.12,1.00
2016.12.19 19:09:23.207,1.71172,1.71204,1.12,1.52
2016.12.19 19:09:23.257,1.71169,1.71203,1.50,1.27
2016.12.19 19:09:23.459,1.7117,1.71199,1.00,1.50
2016.12.19 19:09:23.919,1.71166,1.71198,1.75,1.50
2016.12.19 19:09:24.222,1.71164,1.71199,1.75,1.12
2016.12.19 19:09:24.298,1.71172,1.71194,1.00,1.00
2016.12.19 19:09:24.349,1.71167,1.71198,1.00,1.00
2016.12.19 19:09:24.400,1.71167,1.71199,1.00,1.15
2016.12.19 19:09:24.501,1.71168,1.71199,1.00,1.37
2016.12.19 19:09:24.596,1.71169,1.71201,1.50,1.12
2016.12.19 19:09:24.648,1.71175,1.71201,1.00,1.12
2016.12.19 19:09:24.799,1.71176,1.71208,1.00,1.15
2016.12.19 19:09:24.896,1.71176,1.71206,1.00,1.00
2016.12.19 19:09:24.997,1.71178,1.7121,1.00,1.65
2016.12.19 19:09:25.048,1.71176,1.71209,1.00,1.87
2016.12.19 19:09:25.149,1.71174,1.71205,1.00,1.50
2016.12.19 19:09:25.201,1.71171,1.71206,1.00,1.87
2016.12.19 19:09:25.327,1.71169,1.71202,1.00,1.37
2016.12.19 19:09:25.629,1.71172,1.71201,1.00,1.87
2016.12.19 19:09:25.780,1.71174,1.71205,1.00,1.87
2016.12.19 19:09:25.882,1.71172,1.71204,1.12,1.00
2016.12.19 19:09:25.983,1.71177,1.71203,1.00,1.00
2016.12.19 19:09:26.084,1.71172,1.71204,1.00,1.37
2016.12.19 19:09:26.307,1.71171,1.71204,1.00,1.12
2016.12.19 19:09:26.357,1.71173,1.71204,1.00,1.12
2016.12.19 19:09:26.680,1.71176,1.71206,1.00,2.62
2016.12.19 19:09:26.964,1.71171,1.71201,1.00,1.00
2016.12.19 19:09:27.115,1.71172,1.71204,1.00,1.50
2016.12.19 19:09:27.367,1.71171,1.712,1.00,1.00
2016.12.19 19:09:27.717,1.71174,1.71202,1.00,1.00
2016.12.19 19:09:27.871,1.71171,1.71205,1.00,1.50
2016.12.19 19:09:27.922,1.71172,1.71206,1.00,1.12
2016.12.19 19:09:28.023,1.71173,1.71206,1.87,1.00
2016.12.19 19:09:28.326,1.71176,1.71206,1.00,1.15
2016.12.19 19:09:28.528,1.71175,1.71207,1.00,1.00
2016.12.19 19:09:28.629,1.71175,1.71208,1.00,1.75
2016.12.19 19:09:28.856,1.71169,1.71201,1.00,1.00
2016.12.19 19:09:28.958,1.71172,1.71202,1.00,1.50
2016.12.19 19:09:29.260,1.71172,1.71202,1.00,1.37
2016.12.19 19:09:29.362,1.71164,1.71199,1.87,1.37
2016.12.19 19:09:29.463,1.71163,1.71195,1.00,1.37
2016.12.19 19:09:29.665,1.71166,1.71193,1.00,1.00
2016.12.19 19:09:29.968,1.71169,1.71196,1.00,1.00
2016.12.19 19:09:30.019,1.71169,1.71198,1.00,1.12
2016.12.19 19:09:30.092,1.71169,1.71202,1.00,1.12
2016.12.19 19:09:30.143,1.71176,1.71202,1.00,1.37
2016.12.19 19:09:30.447,1.71171,1.71199,1.00,1.75
2016.12.19 19:09:30.649,1.71171,1.71198,1.00,1.75
2016.12.19 19:09:30.750,1.71165,1.71193,1.00,2.25
2016.12.19 19:09:31.284,1.71165,1.71192,1.00,1.00
2016.12.19 19:09:31.586,1.71167,1.71193,1.00,1.12
2016.12.19 19:09:31.888,1.71164,1.71194,1.00,1.12
2016.12.19 19:09:32.090,1.71167,1.71195,1.00,1.50
2016.12.19 19:09:32.609,1.71167,1.71197,1.00,1.75
2016.12.19 19:09:32.802,1.71162,1.71197,1.00,1.75
2016.12.19 19:09:32.854,1.71164,1.71197,1.00,1.75
2016.12.19 19:09:33.257,1.7116,1.71193,1.00,1.37
2016.12.19 19:09:33.409,1.7116,1.71197,1.00,1.75
2016.12.19 19:09:33.711,1.71163,1.71192,1.00,1.00
2016.12.19 19:09:34.185,1.71163,1.71194,1.00,2.25
2016.12.19 19:09:34.700,1.71162,1.7119,1.00,1.50
2016.12.19 19:09:34.801,1.7116,1.71191,1.00,1.12
2016.12.19 19:09:35.003,1.7116,1.71193,1.00,1.00
2016.12.19 19:09:35.053,1.71164,1.71193,1.00,1.00
2016.12.19 19:09:35.104,1.71164,1.71198,1.00,2.25
2016.12.19 19:09:35.155,1.71167,1.71198,1.00,2.25
2016.12.19 19:09:36.035,1.71167,1.71196,1.00,1.00
2016.12.19 19:09:36.585,1.71167,1.712,1.00,1.87
2016.12.19 19:09:36.851,1.71167,1.71197,1.00,1.00
2016.12.19 19:09:37.103,1.71168,1.71199,1.00,2.25
2016.12.19 19:09:37.255,1.71166,1.71195,1.00,1.00
2016.12.19 19:09:37.357,1.71169,1.71202,1.00,2.25
2016.12.19 19:09:37.598,1.71169,1.71199,1.00,1.37
2016.12.19 19:09:37.901,1.71169,1.71195,1.00,1.00
2016.12.19 19:09:38.203,1.71165,1.71195,1.00,1.00
2016.12.19 19:09:38.405,1.71168,1.71198,1.00,2.25
2016.12.19 19:09:38.941,1.71168,1.71198,1.00,1.75
2016.12.19 19:09:39.143,1.71168,1.71202,1.00,1.12
2016.12.19 19:09:39.562,1.71171,1.71202,1.00,1.75
2016.12.19 19:09:39.966,1.71168,1.71201,1.00,1.75
2016.12.19 19:09:40.542,1.71169,1.71201,1.00,1.75
2016.12.19 19:09:41.096,1.71169,1.71199,1.00,1.00
2016.12.19 19:09:41.147,1.71169,1.71197,1.00,1.37
2016.12.19 19:09:41.198,1.71167,1.71197,1.00,1.37
2016.12.19 19:09:41.728,1.71166,1.71197,1.00,1.37
2016.12.19 19:09:42.306,1.71166,1.71197,1.00,1.75
2016.12.19 19:09:43.151,1.71166,1.71196,1.00,1.00
2016.12.19 19:09:43.655,1.71166,1.71195,1.00,1.00
2016.12.19 19:09:44.188,1.71166,1.71198,1.00,1.75
2016.12.19 19:09:44.566,1.71166,1.71196,1.00,1.00
2016.12.19 19:09:45.114,1.71166,1.71195,1.00,1.00
2016.12.19 19:09:46.718,1.7117,1.712,1.00,1.75
2016.12.19 19:09:47.188,1.71167,1.71198,1.00,1.50
2016.12.19 19:09:47.389,1.71169,1.71199,1.00,1.75
2016.12.19 19:09:47.692,1.71172,1.71198,1.00,1.00
2016.12.19 19:09:48.293,1.71172,1.71199,1.00,1.00
2016.12.19 19:09:48.869,1.71172,1.712,1.00,1.12
2016.12.19 19:09:50.257,1.71171,1.71201,1.00,1.50
2016.12.19 19:09:50.510,1.71168,1.712,1.00,1.12
2016.12.19 19:09:50.561,1.71168,1.71197,1.00,1.00
2016.12.19 19:09:51.216,1.7117,1.71198,1.00,1.50
2016.12.19 19:09:51.538,1.71168,1.71198,1.00,1.50
2016.12.19 19:09:51.790,1.71162,1.71192,1.00,1.30
2016.12.19 19:09:52.184,1.7116,1.71191,1.00,2.02
2016.12.19 19:09:52.575,1.71158,1.7119,1.00,1.15
2016.12.19 19:09:52.626,1.71158,1.71183,1.00,1.00
2016.12.19 19:09:52.777,1.71154,1.71183,1.00,1.00
2016.12.19 19:09:53.030,1.71155,1.71186,1.00,1.00
2016.12.19 19:09:53.080,1.7116,1.71189,1.00,1.50
2016.12.19 19:09:53.383,1.71169,1.71196,1.00,1.75
2016.12.19 19:09:53.485,1.71167,1.71196,1.00,1.50
2016.12.19 19:09:54.122,1.71167,1.71196,1.00,1.87
2016.12.19 19:09:54.220,1.71164,1.71194,1.00,1.71
2016.12.19 19:09:54.623,1.71168,1.71196,1.00,1.75
2016.12.19 19:09:54.724,1.71165,1.71193,1.00,1.50
2016.12.19 19:09:55.285,1.71166,1.71193,1.00,1.12
2016.12.19 19:09:55.991,1.71166,1.71193,1.00,1.87
2016.12.19 19:09:56.042,1.7116,1.71193,1.00,2.62
2016.12.19 19:09:56.194,1.7116,1.7119,1.00,1.00
2016.12.19 19:09:56.245,1.7116,1.71192,1.00,1.12
2016.12.19 19:09:56.346,1.71163,1.71192,1.00,1.12
2016.12.19 19:09:56.720,1.71166,1.71194,1.00,1.87
2016.12.19 19:09:57.105,1.71166,1.71192,1.00,1.00
2016.12.19 19:09:57.156,1.71163,1.7119,1.00,1.00
2016.12.19 19:09:57.309,1.71163,1.71193,1.00,1.87
2016.12.19 19:09:57.611,1.71163,1.71192,1.00,1.87
2016.12.19 19:09:57.914,1.71158,1.71185,1.00,1.00
2016.12.19 19:09:57.964,1.71152,1.71184,1.00,1.00
2016.12.19 19:09:58.116,1.71152,1.71183,1.00,1.37
2016.12.19 19:09:58.431,1.71156,1.71184,1.00,1.50
2016.12.19 19:09:58.843,1.71154,1.71183,1.00,1.50
2016.12.19 19:09:58.894,1.71154,1.71179,1.00,1.00
2016.12.19 19:09:58.944,1.71151,1.71178,1.00,1.00
2016.12.19 19:09:59.147,1.7115,1.71178,1.00,1.87
2016.12.19 19:09:59.238,1.71145,1.71175,1.00,2.25
2016.12.19 19:09:59.340,1.71141,1.71169,1.00,1.00
2016.12.19 19:09:59.441,1.71136,1.71172,1.00,1.87
2016.12.19 19:09:59.964,1.71139,1.71169,1.00,1.12
2016.12.19 19:10:00.502,1.7114,1.7117,1.00,1.12
2016.12.19 19:10:00.804,1.71142,1.71171,1.00,1.37
2016.12.19 19:10:00.855,1.71138,1.71171,1.00,1.87
2016.12.19 19:10:01.269,1.7114,1.71168,1.00,1.12
2016.12.19 19:10:01.421,1.7114,1.71171,1.00,1.12
2016.12.19 19:10:01.472,1.71144,1.71172,1.00,1.37
2016.12.19 19:10:01.573,1.71142,1.71174,1.00,1.75
2016.12.19 19:10:01.924,1.71143,1.71174,1.00,1.87
2016.12.19 19:10:02.504,1.71145,1.71177,1.00,1.75
2016.12.19 19:10:02.807,1.71143,1.71177,1.00,1.75
2016.12.19 19:10:02.858,1.71139,1.71177,1.00,1.75
2016.12.19 19:10:02.909,1.71139,1.71173,1.00,1.12
2016.12.19 19:10:02.960,1.71142,1.71173,1.00,1.12
2016.12.19 19:10:03.061,1.7114,1.71173,1.00,1.12
2016.12.19 19:10:03.273,1.71142,1.71173,1.00,1.12
2016.12.19 19:10:03.627,1.71144,1.71173,1.00,1.00
2016.12.19 19:10:03.729,1.71141,1.71173,1.00,1.12
2016.12.19 19:10:03.830,1.71143,1.71171,1.00,1.00
2016.12.19 19:10:03.908,1.71143,1.71173,1.00,1.00
2016.12.19 19:10:03.959,1.71146,1.71174,1.00,1.00
2016.12.19 19:10:04.010,1.71146,1.71177,1.00,1.00
2016.12.19 19:10:04.363,1.71151,1.71181,1.00,1.37
2016.12.19 19:10:04.716,1.71152,1.71182,1.00,1.75
2016.12.19 19:10:05.253,1.71152,1.71181,1.00,1.75
2016.12.19 19:10:05.365,1.71148,1.71181,1.00,1.75
2016.12.19 19:10:05.634,1.71151,1.71182,1.00,2.25
2016.12.19 19:10:06.176,1.71151,1.71178,1.00,1.00
2016.12.19 19:10:06.504,1.71151,1.71181,1.00,1.75
2016.12.19 19:10:06.605,1.71151,1.71179,1.00,2.62
2016.12.19 19:10:06.717,1.71151,1.71181,1.00,1.75
2016.12.19 19:10:07.426,1.71151,1.71182,1.00,1.75
2016.12.19 19:10:07.938,1.71151,1.71182,1.00,1.87
2016.12.19 19:10:08.140,1.71147,1.71179,1.00,1.00
2016.12.19 19:10:08.342,1.7115,1.71181,1.00,1.37
2016.12.19 19:10:08.544,1.71148,1.71182,1.00,1.75
2016.12.19 19:10:08.644,1.71148,1.71182,1.00,1.75
2016.12.19 19:10:09.121,1.7115,1.71186,1.00,1.87
2016.12.19 19:10:09.208,1.7115,1.71183,1.00,1.37
2016.12.19 19:10:09.562,1.71148,1.71183,1.00,1.37
2016.12.19 19:10:09.842,1.71146,1.7118,1.00,1.37
2016.12.19 19:10:10.346,1.71146,1.71179,1.00,1.37
2016.12.19 19:10:10.893,1.71145,1.71178,1.00,1.00
2016.12.19 19:10:11.199,1.71143,1.71175,1.00,1.00
2016.12.19 19:10:11.652,1.71141,1.71177,1.50,1.12
2016.12.19 19:10:11.753,1.71142,1.71177,1.00,1.12
2016.12.19 19:10:11.855,1.71138,1.71178,1.00,2.25
2016.12.19 19:10:12.056,1.71142,1.71175,1.00,1.87
2016.12.19 19:10:12.606,1.71143,1.71174,1.00,1.12
2016.12.19 19:10:13.558,1.71144,1.71174,1.00,1.12
2016.12.19 19:10:14.150,1.71143,1.71175,1.00,1.37
2016.12.19 19:10:15.445,1.71138,1.71175,1.00,1.87
2016.12.19 19:10:15.697,1.71138,1.71173,1.00,1.37
2016.12.19 19:10:16.219,1.71138,1.71169,1.00,2.25
2016.12.19 19:10:16.549,1.71138,1.71167,1.00,1.37
2016.12.19 19:10:16.750,1.71135,1.71167,1.00,1.90
2016.12.19 19:10:17.075,1.71137,1.7117,1.00,1.90
2016.12.19 19:10:17.176,1.71139,1.71173,1.00,2.02
2016.12.19 19:10:17.330,1.71142,1.71171,1.00,1.00
2016.12.19 19:10:18.174,1.71141,1.71173,1.00,1.87
2016.12.19 19:10:18.267,1.71145,1.71172,1.00,1.00
2016.12.19 19:10:18.369,1.71145,1.71174,1.00,1.20
2016.12.19 19:10:20.164,1.71149,1.71178,1.00,4.42
2016.12.19 19:10:20.482,1.71153,1.71178,1.00,1.80
2016.12.19 19:10:21.339,1.71156,1.71178,1.00,1.80
2016.12.19 19:10:21.838,1.71159,1.71184,1.00,1.80
2016.12.19 19:10:21.939,1.71159,1.71185,1.00,1.80
2016.12.19 19:10:22.378,1.71163,1.71187,1.00,2.25
2016.12.19 19:10:22.479,1.71166,1.71191,1.00,1.37
2016.12.19 19:10:22.643,1.7116,1.71194,1.00,4.12
2016.12.19 19:10:22.846,1.71158,1.71189,1.00,1.50
2016.12.19 19:10:23.099,1.71159,1.71191,1.00,1.12
2016.12.19 19:10:23.150,1.71165,1.71196,1.00,1.00
2016.12.19 19:10:23.352,1.7117,1.71205,1.00,1.50
2016.12.19 19:10:23.454,1.71174,1.71206,1.00,1.75
2016.12.19 19:10:23.955,1.71175,1.71206,1.00,2.62
2016.12.19 19:10:24.161,1.71173,1.71206,1.00,1.75
2016.12.19 19:10:24.785,1.71173,1.71206,1.00,1.87
2016.12.19 19:10:26.054,1.71173,1.71206,1.00,1.75
2016.12.19 19:10:27.383,1.71171,1.71206,1.00,1.75
2016.12.19 19:10:27.585,1.71176,1.71209,1.00,1.37
2016.12.19 19:10:27.686,1.71178,1.71209,1.00,1.00
2016.12.19 19:10:27.787,1.71175,1.71208,1.00,1.00
2016.12.19 19:10:27.837,1.71175,1.71208,1.00,2.25
2016.12.19 19:10:27.989,1.71165,1.71201,1.00,1.00
2016.12.19 19:10:28.140,1.71165,1.71199,1.00,1.50
2016.12.19 19:10:28.444,1.71165,1.71196,1.00,1.12
2016.12.19 19:10:28.495,1.71161,1.71196,1.00,1.12
2016.12.19 19:10:28.697,1.71157,1.71196,1.00,2.62
2016.12.19 19:10:29.240,1.71156,1.71195,1.50,1.87
2016.12.19 19:10:29.927,1.71156,1.71194,1.87,2.62
2016.12.19 19:10:30.452,1.71156,1.71194,1.12,2.62
2016.12.19 19:10:30.859,1.71153,1.71193,1.00,2.62
2016.12.19 19:10:31.616,1.71153,1.71192,1.50,1.50
2016.12.19 19:10:32.179,1.71153,1.71192,1.00,1.50
2016.12.19 19:10:32.746,1.71152,1.71192,1.50,1.50
2016.12.19 19:10:33.673,1.71155,1.71192,1.00,1.50
2016.12.19 19:10:33.975,1.7117,1.71206,1.50,1.37
2016.12.19 19:10:34.026,1.7117,1.71206,1.12,1.37
2016.12.19 19:10:34.077,1.71168,1.71206,1.37,1.12
2016.12.19 19:10:34.128,1.71168,1.71204,1.37,1.00
2016.12.19 19:10:34.178,1.71165,1.71203,1.37,2.25
2016.12.19 19:10:34.229,1.71165,1.71198,1.37,1.00
2016.12.19 19:10:34.399,1.71157,1.71195,1.12,1.75
2016.12.19 19:10:35.010,1.71157,1.71195,1.00,1.50
2016.12.19 19:10:35.464,1.71157,1.71198,3.00,1.50
2016.12.19 19:10:35.515,1.71159,1.71198,1.12,1.50
2016.12.19 19:10:35.767,1.71161,1.71199,1.00,1.50
2016.12.19 19:10:36.019,1.71161,1.71199,1.50,1.12
2016.12.19 19:10:36.565,1.71161,1.71198,1.00,1.00
2016.12.19 19:10:36.900,1.71157,1.71197,3.00,1.00
2016.12.19 19:10:37.917,1.71158,1.71199,1.12,1.75
2016.12.19 19:10:38.018,1.71158,1.71193,1.00,1.00
2016.12.19 19:10:38.344,1.71156,1.71196,2.25,1.12
2016.12.19 19:10:38.596,1.7116,1.71199,1.12,1.12
2016.12.19 19:10:38.949,1.71161,1.71199,1.37,1.37
2016.12.19 19:10:39.101,1.71161,1.71202,1.87,1.50
2016.12.19 19:10:39.202,1.71162,1.71202,1.37,1.87
2016.12.19 19:10:39.413,1.71164,1.71202,1.37,1.12
2016.12.19 19:10:39.961,1.71164,1.71202,1.50,1.00
2016.12.19 19:10:40.526,1.71165,1.71202,1.12,1.00
2016.12.19 19:10:42.806,1.71163,1.71202,1.75,1.00
2016.12.19 19:10:42.856,1.71165,1.71208,1.12,1.75
2016.12.19 19:10:43.008,1.71167,1.71203,1.00,1.37
2016.12.19 19:10:43.109,1.71167,1.71209,1.37,1.50
2016.12.19 19:10:43.159,1.71172,1.7121,1.00,1.75
2016.12.19 19:10:43.210,1.71172,1.7121,1.00,1.37
2016.12.19 19:10:43.361,1.71166,1.71206,2.25,1.00
2016.12.19 19:10:43.412,1.71168,1.71206,1.00,1.37
2016.12.19 19:10:43.982,1.71166,1.71206,1.37,1.37
2016.12.19 19:10:44.134,1.71165,1.71199,1.12,1.12
2016.12.19 19:10:44.235,1.71161,1.71199,1.87,1.12
2016.12.19 19:10:44.741,1.71162,1.71202,1.50,1.00
2016.12.19 19:10:45.715,1.71162,1.71202,1.37,1.37
2016.12.19 19:10:46.240,1.71162,1.71203,1.87,2.25
2016.12.19 19:10:46.291,1.71165,1.71203,1.50,2.25
2016.12.19 19:10:46.341,1.71162,1.71203,1.50,2.25
2016.12.19 19:10:46.942,1.71162,1.71204,2.25,1.12
2016.12.19 19:10:47.971,1.71166,1.71204,1.00,1.12
2016.12.19 19:10:48.274,1.71169,1.71212,2.25,1.12
2016.12.19 19:10:48.629,1.71169,1.71209,1.50,1.12
2016.12.19 19:10:48.904,1.71169,1.7121,1.87,1.37
2016.12.19 19:10:49.970,1.71169,1.71208,1.12,1.34
2016.12.19 19:10:51.169,1.71168,1.7121,1.50,1.75
2016.12.19 19:10:51.320,1.71169,1.71209,1.50,1.87
2016.12.19 19:10:51.573,1.71169,1.71208,1.75,1.00
2016.12.19 19:10:52.030,1.71172,1.71212,2.25,3.00
2016.12.19 19:10:52.563,1.71169,1.71212,1.50,1.12
2016.12.19 19:10:53.115,1.71169,1.7121,1.50,1.00
2016.12.19 19:10:53.718,1.71172,1.71212,1.12,1.37
2016.12.19 19:10:56.437,1.71173,1.71211,1.00,1.00
2016.12.19 19:10:57.144,1.71171,1.71211,1.37,1.00
2016.12.19 19:10:57.525,1.71171,1.71212,1.37,1.37
2016.12.19 19:11:02.322,1.71173,1.71209,1.00,1.37
2016.12.19 19:11:02.625,1.71163,1.712,1.37,2.21
2016.12.19 19:11:02.676,1.71163,1.71199,1.00,1.46
2016.12.19 19:11:02.777,1.71161,1.71198,1.00,1.87
2016.12.19 19:11:03.352,1.71161,1.71198,1.00,3.37
2016.12.19 19:11:04.545,1.71161,1.71198,1.00,2.62
2016.12.19 19:11:05.096,1.7116,1.71193,1.00,1.00
2016.12.19 19:11:05.399,1.71159,1.71189,1.00,1.71
2016.12.19 19:11:06.069,1.7116,1.71194,1.00,1.37
2016.12.19 19:11:06.270,1.71153,1.71193,1.00,1.75
2016.12.19 19:11:06.421,1.71156,1.7119,1.00,1.37
2016.12.19 19:11:06.724,1.71158,1.7119,1.00,1.37
2016.12.19 19:11:06.856,1.71156,1.7119,1.00,1.37
2016.12.19 19:11:06.958,1.71156,1.7119,1.00,1.12
2016.12.19 19:11:07.572,1.71157,1.7119,1.00,1.12
2016.12.19 19:11:07.746,1.7116,1.71193,1.00,1.12
2016.12.19 19:11:07.948,1.71158,1.71194,1.00,1.75
2016.12.19 19:11:08.483,1.71158,1.71195,1.00,1.37
2016.12.19 19:11:09.570,1.71162,1.71199,1.00,1.87
2016.12.19 19:11:09.671,1.71163,1.71199,1.00,1.37
2016.12.19 19:11:10.684,1.71163,1.71199,1.00,1.37
2016.12.19 19:11:10.835,1.71161,1.71199,1.00,1.37
2016.12.19 19:11:11.573,1.71164,1.71199,1.00,1.37
2016.12.19 19:11:11.848,1.71161,1.71199,1.50,1.50
2016.12.19 19:11:12.050,1.71164,1.71193,1.00,1.00
2016.12.19 19:11:12.352,1.71162,1.71194,1.00,1.00
2016.12.19 19:11:12.454,1.71162,1.71202,1.50,1.84
2016.12.19 19:11:12.555,1.71159,1.71197,1.87,1.00
2016.12.19 19:11:12.639,1.71161,1.71197,1.00,1.00
2016.12.19 19:11:12.962,1.7116,1.71196,1.00,1.15
2016.12.19 19:11:13.240,1.71157,1.71194,1.00,1.65
2016.12.19 19:11:13.291,1.71157,1.71188,1.00,1.00
2016.12.19 19:11:13.493,1.71149,1.71184,1.00,1.00
2016.12.19 19:11:13.594,1.71147,1.71184,1.00,1.15
2016.12.19 19:11:14.137,1.71148,1.71184,1.00,1.65
2016.12.19 19:11:14.440,1.7115,1.71182,1.00,1.00
2016.12.19 19:11:14.491,1.7115,1.71189,1.00,2.25
2016.12.19 19:11:14.542,1.71152,1.71189,1.00,1.87
2016.12.19 19:11:14.644,1.71149,1.71186,1.00,1.50
2016.12.19 19:11:14.745,1.71152,1.71189,1.00,1.52
2016.12.19 19:11:15.288,1.71151,1.71189,1.00,1.27
2016.12.19 19:11:16.097,1.71152,1.71189,1.00,2.25
2016.12.19 19:11:16.400,1.71162,1.71199,1.00,1.75
2016.12.19 19:11:16.919,1.71163,1.71198,1.00,1.37
2016.12.19 19:11:17.159,1.7116,1.71198,1.00,1.37
2016.12.19 19:11:17.361,1.7116,1.71193,1.00,1.00
2016.12.19 19:11:17.663,1.7116,1.71194,1.00,1.37
2016.12.19 19:11:17.765,1.71158,1.71195,1.00,2.62
2016.12.19 19:11:17.866,1.7116,1.71194,1.00,1.37
2016.12.19 19:11:18.379,1.71159,1.71195,1.00,2.62
2016.12.19 19:11:19.139,1.71162,1.71195,1.00,2.62
2016.12.19 19:11:22.004,1.71162,1.71195,1.00,1.00
2016.12.19 19:11:23.755,1.71163,1.71195,1.00,1.00
2016.12.19 19:11:24.083,1.71161,1.71195,1.50,1.00
2016.12.19 19:11:25.016,1.71161,1.71198,1.00,1.09
2016.12.19 19:11:25.689,1.71162,1.71198,1.00,1.09
2016.12.19 19:11:28.218,1.71162,1.71197,1.00,1.00
2016.12.19 19:11:29.200,1.71162,1.71198,1.00,1.09
2016.12.19 19:11:29.886,1.71161,1.71198,1.00,1.09
2016.12.19 19:11:29.937,1.71166,1.71199,1.00,1.37
2016.12.19 19:11:30.532,1.71167,1.71199,1.00,1.37
2016.12.19 19:11:30.834,1.71164,1.71199,1.00,1.37
2016.12.19 19:11:31.559,1.71163,1.71199,1.00,1.37
2016.12.19 19:11:32.073,1.71162,1.71199,1.00,1.37
2016.12.19 19:11:32.124,1.71161,1.71199,1.00,1.87
2016.12.19 19:11:32.175,1.71159,1.71198,1.00,1.37
2016.12.19 19:11:32.225,1.71162,1.71199,1.00,1.37
2016.12.19 19:11:32.528,1.71167,1.71201,1.00,1.37
2016.12.19 19:11:32.865,1.71172,1.71201,1.00,2.25
2016.12.19 19:11:33.346,1.71172,1.71197,1.00,1.50
2016.12.19 19:11:33.547,1.71159,1.71194,1.37,1.37
2016.12.19 19:11:33.648,1.71159,1.71193,1.00,1.37
2016.12.19 19:11:33.749,1.71163,1.71193,1.00,1.37
2016.12.19 19:11:34.266,1.71161,1.71194,1.00,1.37
2016.12.19 19:11:34.546,1.7116,1.71194,1.00,1.00
2016.12.19 19:11:34.766,1.71164,1.71194,1.00,1.00
2016.12.19 19:11:34.867,1.71164,1.71198,1.00,1.37
2016.12.19 19:11:36.188,1.71159,1.71198,1.00,1.37
2016.12.19 19:11:36.424,1.71161,1.71198,1.00,1.50
2016.12.19 19:11:36.676,1.71159,1.71198,1.00,1.50
2016.12.19 19:11:36.979,1.71156,1.71198,2.25,3.00
2016.12.19 19:11:37.340,1.71161,1.71198,1.00,1.87
2016.12.19 19:11:37.542,1.71162,1.71199,1.00,1.37
2016.12.19 19:11:37.593,1.71164,1.71199,1.00,1.37
2016.12.19 19:11:37.875,1.71162,1.71204,1.00,3.37
2016.12.19 19:11:38.178,1.71165,1.71203,1.00,1.50
2016.12.19 19:11:38.573,1.71163,1.71198,1.00,1.00
2016.12.19 19:11:38.877,1.71158,1.71199,1.00,1.37
2016.12.19 19:11:38.978,1.71162,1.71199,1.00,1.37
2016.12.19 19:11:39.079,1.71159,1.71194,1.00,1.00
2016.12.19 19:11:39.214,1.71151,1.7119,1.37,1.00
2016.12.19 19:11:39.265,1.71151,1.7119,1.37,1.37
2016.12.19 19:11:39.806,1.71151,1.71191,1.00,1.37
2016.12.19 19:11:40.414,1.71157,1.7119,1.00,1.12
2016.12.19 19:11:40.466,1.71152,1.7119,1.00,1.12
2016.12.19 19:11:40.567,1.71152,1.71188,1.00,1.00
2016.12.19 19:11:40.618,1.71148,1.71188,1.37,1.50
2016.12.19 19:11:40.769,1.71148,1.71185,1.12,1.00
2016.12.19 19:11:41.277,1.71148,1.71185,1.87,1.00
2016.12.19 19:11:41.834,1.71148,1.71185,1.00,1.00
2016.12.19 19:11:42.161,1.71148,1.71183,1.00,1.00
2016.12.19 19:11:42.262,1.71147,1.71186,1.12,2.59
2016.12.19 19:11:42.363,1.71147,1.71185,1.00,1.09
2016.12.19 19:11:42.898,1.71146,1.71184,1.00,1.37
2016.12.19 19:11:43.284,1.71151,1.71184,1.00,1.37
2016.12.19 19:11:43.587,1.71161,1.71199,1.50,1.00
2016.12.19 19:11:43.688,1.71161,1.71201,1.50,1.00
2016.12.19 19:11:44.298,1.71159,1.71201,1.50,1.50
2016.12.19 19:11:44.349,1.71159,1.712,2.62,1.00
2016.12.19 19:11:44.735,1.71166,1.712,1.00,1.00
2016.12.19 19:11:44.887,1.71169,1.71209,1.87,1.75
2016.12.19 19:11:44.938,1.71172,1.7121,1.00,1.75
2016.12.19 19:11:44.988,1.71172,1.7121,1.00,1.37
2016.12.19 19:11:45.039,1.71172,1.71207,1.00,1.00
2016.12.19 19:11:45.342,1.71161,1.71199,1.50,1.00
2016.12.19 19:11:45.392,1.71161,1.71199,1.12,1.00
2016.12.19 19:11:46.768,1.71162,1.71203,1.00,2.62
2016.12.19 19:11:46.879,1.71161,1.71196,1.87,1.00
2016.12.19 19:11:47.181,1.71161,1.71199,2.62,1.12
2016.12.19 19:11:47.682,1.71163,1.71199,1.37,1.00
2016.12.19 19:11:48.075,1.71161,1.712,1.37,1.00
2016.12.19 19:11:48.277,1.71161,1.71198,1.87,1.00
2016.12.19 19:11:48.378,1.71161,1.712,1.87,1.00
2016.12.19 19:11:48.945,1.71161,1.71199,1.87,1.00
2016.12.19 19:11:51.827,1.71164,1.71199,1.00,1.00
2016.12.19 19:11:52.130,1.71164,1.71199,1.37,1.00
2016.12.19 19:11:53.364,1.71164,1.712,1.87,1.00
2016.12.19 19:11:53.465,1.71164,1.71203,1.37,1.00
2016.12.19 19:11:54.029,1.71164,1.71204,1.87,2.25
2016.12.19 19:11:54.117,1.71164,1.71201,1.37,1.00
2016.12.19 19:11:54.167,1.71164,1.71201,1.00,1.12
2016.12.19 19:11:54.344,1.71159,1.71201,1.37,1.12
2016.12.19 19:11:54.400,1.71158,1.71198,1.87,1.00
2016.12.19 19:11:57.408,1.71157,1.71198,1.87,1.00
2016.12.19 19:11:57.610,1.71157,1.71195,1.87,1.00
2016.12.19 19:11:57.711,1.71157,1.71195,1.87,1.00
2016.12.19 19:11:58.042,1.71161,1.71195,1.00,1.00
2016.12.19 19:11:58.193,1.71161,1.71199,1.37,1.37
2016.12.19 19:11:58.701,1.71161,1.71197,1.37,1.00
2016.12.19 19:12:00.019,1.71154,1.71194,1.87,1.50
2016.12.19 19:12:00.120,1.71153,1.71192,1.50,1.00
2016.12.19 19:12:00.221,1.71153,1.71191,1.37,1.00
2016.12.19 19:12:00.742,1.71153,1.71192,1.37,1.00
2016.12.19 19:12:00.986,1.71156,1.71194,1.00,1.00
2016.12.19 19:12:01.087,1.71156,1.71192,1.12,1.00
2016.12.19 19:12:01.390,1.71153,1.7119,1.37,1.00
2016.12.19 19:12:01.896,1.71153,1.71187,1.37,1.00
2016.12.19 19:12:02.428,1.71151,1.71188,2.25,1.00
2016.12.19 19:12:04.994,1.71157,1.71193,1.00,2.62
2016.12.19 19:12:05.095,1.71156,1.7119,1.37,1.00
2016.12.19 19:12:05.196,1.71153,1.7119,1.37,1.50
2016.12.19 19:12:05.247,1.71153,1.71185,1.37,1.00
2016.12.19 19:12:05.518,1.71152,1.71186,1.12,1.00
2016.12.19 19:12:05.619,1.71152,1.71186,1.37,1.50
2016.12.19 19:12:05.821,1.71152,1.71188,3.00,2.25
2016.12.19 19:12:06.551,1.71152,1.71188,3.00,1.00
2016.12.19 19:12:06.856,1.71152,1.7119,1.37,2.62
2016.12.19 19:12:07.008,1.71152,1.71187,3.75,1.50
2016.12.19 19:12:07.618,1.71154,1.71188,1.37,1.00
2016.12.19 19:12:08.363,1.71155,1.7119,1.37,1.50
2016.12.19 19:12:08.414,1.71153,1.71188,1.87,1.00
2016.12.19 19:12:08.725,1.71153,1.7119,1.87,1.00
2016.12.19 19:12:09.378,1.71155,1.71189,1.37,1.00
2016.12.19 19:12:10.056,1.71154,1.7119,1.37,2.62
2016.12.19 19:12:10.273,1.71159,1.7119,1.00,1.87
2016.12.19 19:12:10.424,1.71164,1.71199,1.50,1.00
2016.12.19 19:12:10.475,1.71167,1.71199,1.00,1.00
2016.12.19 19:12:10.875,1.71165,1.71202,1.12,1.37
2016.12.19 19:12:10.926,1.71169,1.71206,1.00,1.75
2016.12.19 19:12:11.228,1.71171,1.71206,1.00,1.37
2016.12.19 19:12:11.605,1.71171,1.71203,1.12,1.00
2016.12.19 19:12:11.656,1.7117,1.71207,1.87,2.62
2016.12.19 19:12:12.173,1.7117,1.71206,2.25,2.62
2016.12.19 19:12:12.803,1.71169,1.71207,1.12,2.62
2016.12.19 19:12:13.514,1.71169,1.71207,1.12,1.87
2016.12.19 19:12:14.124,1.7117,1.71207,1.00,1.50
2016.12.19 19:12:14.712,1.7117,1.71208,1.00,3.75
2016.12.19 19:12:16.417,1.7117,1.71207,1.00,1.12
2016.12.19 19:12:16.953,1.71171,1.71206,1.00,1.00
2016.12.19 19:12:17.005,1.71167,1.712,1.37,1.00
2016.12.19 19:12:17.268,1.71161,1.71197,1.87,1.37
2016.12.19 19:12:17.369,1.71161,1.71199,1.50,1.37
2016.12.19 19:12:17.470,1.71166,1.71202,1.00,1.37
2016.12.19 19:12:17.571,1.71168,1.71203,1.00,1.37
2016.12.19 19:12:17.622,1.71168,1.71205,1.00,1.00
2016.12.19 19:12:17.723,1.7117,1.71207,1.50,1.87
2016.12.19 19:12:18.025,1.71173,1.71202,1.00,1.00
2016.12.19 19:12:18.126,1.71167,1.71199,1.50,1.00
2016.12.19 19:12:18.177,1.71167,1.71202,1.00,1.37
2016.12.19 19:12:18.945,1.71168,1.71201,1.00,1.00
2016.12.19 19:12:19.202,1.71164,1.71201,1.12,1.00
2016.12.19 19:12:19.617,1.71167,1.71202,1.00,1.37
2016.12.19 19:12:19.668,1.71167,1.71202,1.00,1.00
2016.12.19 19:12:20.176,1.71167,1.71203,1.87,1.12
2016.12.19 19:12:20.679,1.71165,1.71202,1.37,1.00
2016.12.19 19:12:20.730,1.71164,1.71201,1.12,1.00
2016.12.19 19:12:21.133,1.71166,1.71201,1.00,1.12
2016.12.19 19:12:21.638,1.71165,1.71198,1.00,1.00
2016.12.19 19:12:21.739,1.71163,1.71198,1.00,1.50
2016.12.19 19:12:21.988,1.71161,1.712,2.62,1.12
2016.12.19 19:12:22.502,1.71164,1.71199,1.37,1.00
2016.12.19 19:12:22.975,1.71161,1.712,3.37,1.12
2016.12.19 19:12:23.279,1.71163,1.71202,1.00,1.37
2016.12.19 19:12:23.809,1.71162,1.71202,1.50,1.37
2016.12.19 19:12:23.860,1.71162,1.71201,1.87,1.00
2016.12.19 19:12:23.962,1.71164,1.71203,1.37,1.37
2016.12.19 19:12:24.264,1.71164,1.71203,1.00,3.00
2016.12.19 19:12:24.470,1.71162,1.71203,1.12,1.37
2016.12.19 19:12:25.062,1.71163,1.71202,1.00,1.87
2016.12.19 19:12:25.364,1.71162,1.71202,1.50,1.50
2016.12.19 19:12:26.060,1.71163,1.71201,1.00,1.12
2016.12.19 19:12:26.621,1.71162,1.712,1.00,1.00
2016.12.19 19:12:26.773,1.71163,1.71201,1.00,1.50
2016.12.19 19:12:26.983,1.7116,1.71199,1.00,1.87
2016.12.19 19:12:27.185,1.71161,1.71199,1.87,1.00
2016.12.19 19:12:27.759,1.71163,1.712,1.37,1.12
2016.12.19 19:12:28.299,1.71162,1.71201,2.62,1.12
2016.12.19 19:12:28.913,1.71163,1.712,1.12,1.00
2016.12.19 19:12:30.149,1.71165,1.71201,1.00,1.12
2016.12.19 19:12:30.452,1.71157,1.71196,2.62,1.00
2016.12.19 19:12:30.502,1.71157,1.71196,3.00,1.37
2016.12.19 19:12:31.015,1.71158,1.71194,1.00,1.12
2016.12.19 19:12:32.123,1.71167,1.71198,1.00,1.87
2016.12.19 19:12:32.224,1.71161,1.71203,3.00,3.37
2016.12.19 19:12:32.375,1.71161,1.71193,1.37,1.00
2016.12.19 19:12:32.476,1.71157,1.71192,1.87,1.00
2016.12.19 19:12:32.981,1.71157,1.71194,1.00,1.37
2016.12.19 19:12:33.031,1.71159,1.71195,1.00,1.37
2016.12.19 19:12:33.083,1.71159,1.71195,1.00,1.37
2016.12.19 19:12:33.184,1.71156,1.71195,1.12,2.62
2016.12.19 19:12:33.329,1.71156,1.71191,1.00,1.00
2016.12.19 19:12:33.385,1.71157,1.71194,1.00,1.37
2016.12.19 19:12:33.486,1.71159,1.71195,1.00,1.87
2016.12.19 19:12:33.588,1.71158,1.71195,1.00,1.00
2016.12.19 19:12:34.192,1.71159,1.71198,1.50,1.37
2016.12.19 19:12:34.514,1.71158,1.71198,1.00,1.50
2016.12.19 19:12:34.888,1.71158,1.71195,1.00,1.37
2016.12.19 19:12:35.166,1.71158,1.71195,1.00,1.37
2016.12.19 19:12:35.844,1.71159,1.71196,1.00,1.37
2016.12.19 19:12:35.895,1.71159,1.71196,1.00,1.12
2016.12.19 19:12:36.096,1.71157,1.71194,2.62,1.00
2016.12.19 19:12:36.602,1.71156,1.71195,1.37,1.87
2016.12.19 19:12:37.108,1.71156,1.71195,1.00,1.37
2016.12.19 19:12:37.918,1.71157,1.71194,1.00,1.12
2016.12.19 19:12:38.019,1.71154,1.71193,1.37,1.00
2016.12.19 19:12:38.522,1.71154,1.71193,1.37,1.87
2016.12.19 19:12:39.029,1.71155,1.71192,1.37,1.87
2016.12.19 19:12:39.180,1.71156,1.71191,1.00,1.37
2016.12.19 19:12:39.525,1.71156,1.71189,1.00,1.37
2016.12.19 19:12:39.626,1.71151,1.71189,1.00,1.37
2016.12.19 19:12:40.485,1.71151,1.71189,1.00,1.37
2016.12.19 19:12:40.614,1.71151,1.71189,1.50,1.12
2016.12.19 19:12:40.664,1.71153,1.7119,1.00,1.37
2016.12.19 19:12:41.191,1.71153,1.7119,1.50,1.37
2016.12.19 19:12:41.645,1.71163,1.71191,1.00,1.37
2016.12.19 19:12:41.696,1.71162,1.71192,1.00,1.00
2016.12.19 19:12:41.747,1.71165,1.712,1.00,1.09
2016.12.19 19:12:41.874,1.71165,1.71201,1.00,1.37
2016.12.19 19:12:41.925,1.71167,1.71203,1.00,1.50
2016.12.19 19:12:42.026,1.71167,1.71202,1.00,1.00
2016.12.19 19:12:42.127,1.71166,1.71199,1.00,1.00
2016.12.19 19:12:42.576,1.71165,1.71202,1.00,1.37
2016.12.19 19:12:42.627,1.71164,1.71198,1.00,1.00
2016.12.19 19:12:43.030,1.71165,1.71201,1.00,1.50
2016.12.19 19:12:43.434,1.71165,1.71202,1.00,1.87
2016.12.19 19:12:45.025,1.71167,1.71199,1.00,1.50
2016.12.19 19:12:45.075,1.71161,1.71199,1.50,1.50
2016.12.19 19:12:45.126,1.71161,1.71198,1.50,1.37
2016.12.19 19:12:45.328,1.71161,1.71199,1.00,1.50
2016.12.19 19:12:45.379,1.71162,1.71197,1.00,1.00
2016.12.19 19:12:45.681,1.71161,1.71197,1.00,1.37
2016.12.19 19:12:46.238,1.71161,1.71198,1.00,1.37
2016.12.19 19:12:46.692,1.71162,1.71199,1.00,1.87
2016.12.19 19:12:47.321,1.71162,1.712,1.00,3.00
2016.12.19 19:12:47.944,1.71162,1.712,1.12,2.62
2016.12.19 19:12:47.995,1.71162,1.71194,1.12,1.00
2016.12.19 19:12:48.046,1.71161,1.71198,1.37,1.09
2016.12.19 19:12:48.147,1.71162,1.71197,1.00,1.37
2016.12.19 19:12:48.450,1.71161,1.71194,1.00,1.00
2016.12.19 19:12:48.902,1.71161,1.71197,1.00,1.12
2016.12.19 19:12:49.417,1.71161,1.71199,1.12,2.21
2016.12.19 19:12:49.921,1.71162,1.71199,1.00,2.96
2016.12.19 19:12:50.980,1.71157,1.71197,1.87,1.12
2016.12.19 19:12:51.081,1.71161,1.71194,1.00,1.00
2016.12.19 19:12:51.233,1.71161,1.712,1.00,1.50
2016.12.19 19:12:51.334,1.71161,1.712,1.37,1.50
2016.12.19 19:12:51.435,1.71161,1.712,1.37,2.25
2016.12.19 19:12:51.942,1.71161,1.712,1.37,2.25
2016.12.19 19:12:53.661,1.71163,1.71201,1.12,1.37
2016.12.19 19:12:54.035,1.71166,1.71202,1.00,1.50
2016.12.19 19:12:54.146,1.71163,1.71201,1.37,1.37
2016.12.19 19:12:54.614,1.71167,1.71201,1.00,1.37
2016.12.19 19:12:55.548,1.71163,1.71201,1.37,1.37
2016.12.19 19:12:56.082,1.71163,1.712,1.12,1.12
2016.12.19 19:12:56.335,1.71163,1.71198,1.12,1.00
2016.12.19 19:12:56.386,1.71163,1.712,1.12,1.00
2016.12.19 19:12:56.487,1.71163,1.71198,1.37,1.00
2016.12.19 19:12:57.286,1.71163,1.71199,1.37,1.00
2016.12.19 19:12:58.129,1.71163,1.71199,1.12,1.00
2016.12.19 19:12:59.577,1.71162,1.71201,1.37,1.87
2016.12.19 19:13:00.016,1.71159,1.71199,1.87,1.00
2016.12.19 19:13:00.319,1.71158,1.71197,1.37,1.00
2016.12.19 19:13:00.871,1.71162,1.71197,1.00,1.00
2016.12.19 19:13:01.401,1.71162,1.71198,1.00,1.12
2016.12.19 19:13:01.910,1.71161,1.71199,1.12,1.87
2016.12.19 19:13:02.661,1.71162,1.71199,1.00,2.62
2016.12.19 19:13:02.980,1.71164,1.71199,1.00,1.50
2016.12.19 19:13:03.283,1.71168,1.71203,1.00,1.00
2016.12.19 19:13:03.333,1.71168,1.71207,1.00,1.50
2016.12.19 19:13:03.791,1.7117,1.71207,1.00,1.87
2016.12.19 19:13:04.094,1.71172,1.71209,1.00,1.12
2016.12.19 19:13:04.145,1.71174,1.7121,1.00,1.50
2016.12.19 19:13:04.195,1.71171,1.71208,1.00,1.00
2016.12.19 19:13:04.698,1.7117,1.71209,1.87,1.00
2016.12.19 19:13:05.310,1.71171,1.71208,1.12,1.00
2016.12.19 19:13:05.991,1.71173,1.7121,1.00,1.00
2016.12.19 19:13:06.904,1.71173,1.71211,1.00,1.12
2016.12.19 19:13:09.185,1.71174,1.71211,1.00,1.12
2016.12.19 19:13:09.487,1.71182,1.71219,1.50,1.37
2016.12.19 19:13:09.588,1.71184,1.7122,1.00,1.50
2016.12.19 19:13:09.739,1.71185,1.71222,1.00,1.50
2016.12.19 19:13:09.841,1.71185,1.7122,1.00,1.00
2016.12.19 19:13:10.353,1.71185,1.71219,1.00,1.00
2016.12.19 19:13:10.892,1.71185,1.7122,1.00,1.00
2016.12.19 19:13:11.195,1.71171,1.7121,1.37,1.00
2016.12.19 19:13:11.764,1.71175,1.71209,1.00,1.00
2016.12.19 19:13:13.508,1.71171,1.71208,1.00,1.00
2016.12.19 19:13:14.026,1.71171,1.71207,1.00,1.00
2016.12.19 19:13:14.217,1.71171,1.71205,1.00,1.00
2016.12.19 19:13:14.343,1.71171,1.71208,1.50,1.00
2016.12.19 19:13:15.633,1.71171,1.71209,1.00,1.00
2016.12.19 19:13:15.683,1.71173,1.71209,1.00,1.00
2016.12.19 19:13:16.513,1.71173,1.71208,1.00,1.00
2016.12.19 19:13:17.053,1.71173,1.71209,1.00,1.00
2016.12.19 19:13:19.244,1.71173,1.71207,1.00,1.00
2016.12.19 19:13:19.508,1.71172,1.71209,1.00,1.00
2016.12.19 19:13:20.009,1.71172,1.71208,1.50,1.00
2016.12.19 19:13:20.417,1.7117,1.71205,1.12,1.00
2016.12.19 19:13:21.441,1.71168,1.71205,3.37,1.00
2016.12.19 19:13:22.221,1.71168,1.71203,2.62,1.00
2016.12.19 19:13:22.423,1.71166,1.71205,1.00,1.50
2016.12.19 19:13:22.624,1.71168,1.71205,1.00,2.25
2016.12.19 19:13:22.776,1.71165,1.71205,3.37,2.25
2016.12.19 19:13:25.233,1.71169,1.71205,1.00,1.12
2016.12.19 19:13:25.397,1.71169,1.71207,1.50,1.12
2016.12.19 19:13:25.549,1.71171,1.71208,1.00,1.37
2016.12.19 19:13:26.052,1.7117,1.71208,1.50,1.37
2016.12.19 19:13:26.618,1.7117,1.71208,1.50,1.00
2016.12.19 19:13:27.583,1.7117,1.71206,1.00,1.00
2016.12.19 19:13:27.885,1.71162,1.71198,1.00,1.84
2016.12.19 19:13:32.912,1.71162,1.71194,1.00,1.00
2016.12.19 19:13:32.963,1.71162,1.71198,1.37,1.50
2016.12.19 19:13:33.470,1.71163,1.71198,2.25,1.00
2016.12.19 19:13:34.023,1.71163,1.71198,2.25,1.00
2016.12.19 19:13:34.534,1.71163,1.71199,1.87,1.50
2016.12.19 19:13:36.521,1.71166,1.712,1.00,1.00
2016.12.19 19:13:37.044,1.71166,1.71201,1.00,1.00
2016.12.19 19:13:37.588,1.71166,1.712,1.00,1.00
2016.12.19 19:13:38.134,1.71166,1.71201,1.00,1.00
2016.12.19 19:13:39.162,1.71163,1.71199,1.37,1.00
2016.12.19 19:13:39.611,1.71163,1.71199,1.50,1.34
2016.12.19 19:13:41.651,1.71162,1.71199,1.00,1.34
2016.12.19 19:13:43.738,1.71163,1.71199,1.00,1.34
2016.12.19 19:13:45.023,1.71162,1.71199,1.00,1.71
2016.12.19 19:13:45.543,1.71163,1.71198,1.00,1.46
2016.12.19 19:13:45.859,1.71157,1.71188,1.37,1.00
2016.12.19 19:13:46.079,1.71154,1.71188,1.00,1.00
2016.12.19 19:13:46.180,1.71152,1.71182,1.87,1.00
2016.12.19 19:13:46.382,1.71148,1.71179,1.00,1.00
2016.12.19 19:13:46.433,1.71148,1.71174,1.00,1.00
2016.12.19 19:13:46.484,1.71148,1.71176,1.00,1.00
2016.12.19 19:13:46.585,1.71139,1.71173,1.37,1.00
2016.12.19 19:13:46.686,1.71138,1.71174,1.50,1.00
2016.12.19 19:13:46.737,1.71141,1.71174,1.00,1.00
2016.12.19 19:13:46.820,1.7114,1.71177,1.00,1.12
2016.12.19 19:13:47.357,1.71141,1.71177,1.00,1.00
2016.12.19 19:13:47.844,1.71143,1.71177,1.00,1.00
2016.12.19 19:13:47.980,1.71144,1.71179,1.00,1.00
2016.12.19 19:13:48.519,1.71145,1.71179,1.00,1.00
2016.12.19 19:13:49.194,1.71144,1.71179,1.00,1.00
2016.12.19 19:13:49.397,1.71142,1.71179,1.50,1.50
2016.12.19 19:13:49.447,1.71139,1.71177,1.50,1.00
2016.12.19 19:13:49.967,1.71138,1.71175,1.37,1.50
2016.12.19 19:13:50.563,1.71138,1.71175,1.00,1.00
2016.12.19 19:13:50.715,1.71141,1.71178,1.00,1.12
2016.12.19 19:13:51.362,1.7114,1.71178,1.00,1.00
2016.12.19 19:13:51.791,1.71138,1.71175,1.37,1.00
2016.12.19 19:13:54.832,1.71136,1.71174,1.37,1.00
2016.12.19 19:13:54.883,1.71137,1.71174,1.00,1.00
2016.12.19 19:13:55.340,1.71138,1.71176,1.00,1.50
2016.12.19 19:13:55.593,1.71137,1.71173,1.00,1.00
2016.12.19 19:13:55.895,1.71135,1.71167,1.00,1.50
2016.12.19 19:13:55.996,1.7113,1.71166,1.00,1.00
2016.12.19 19:13:56.046,1.7113,1.71164,1.00,1.00
