2013.01.31 17:00:00.254,1.51967,1.51988,1.98,2.25
2013.01.31 17:00:00.798,1.51966,1.51994,2.73,2.63
2013.01.31 17:00:01.838,1.51966,1.51994,1.95,1.35
2013.01.31 17:00:02.392,1.51962,1.51993,2.48,1.73
2013.01.31 17:00:02.710,1.51969,1.51994,2.48,1.35
2013.01.31 17:00:02.977,1.51969,1.51993,1.73,1.73
2013.01.31 17:00:04.608,1.51969,1.51995,3.98,1.35
2013.01.31 17:00:04.729,1.51969,1.51995,3.98,1.35
2013.01.31 17:00:07.109,1.51974,1.51995,1.73,1.35
2013.01.31 17:00:07.539,1.5197,1.52001,1.41,2.85
2013.01.31 17:00:10.268,1.51977,1.52004,2.25,1.80
2013.01.31 17:00:10.390,1.51979,1.52004,1.50,2.18
2013.01.31 17:00:10.567,1.51977,1.52003,1.50,1.73
2013.01.31 17:00:10.749,1.51975,1.52001,1.50,2.09
2013.01.31 17:00:10.948,1.51975,1.52001,2.48,1.73
2013.01.31 17:00:11.510,1.51972,1.52,3.00,1.35
2013.01.31 17:00:12.678,1.5197,1.52003,2.48,1.35
2013.01.31 17:00:14.458,1.51973,1.52003,2.48,3.60
2013.01.31 17:00:14.989,1.51975,1.52003,2.48,1.35
2013.01.31 17:00:16.191,1.51971,1.52004,1.35,1.05
2013.01.31 17:00:16.259,1.51975,1.52004,2.10,1.05
2013.01.31 17:00:18.172,1.51973,1.52001,1.50,1.23
2013.01.31 17:00:18.478,1.51973,1.52002,1.73,2.10
2013.01.31 17:00:18.718,1.51976,1.52002,1.50,1.35
2013.01.31 17:00:18.979,1.51975,1.51998,1.50,1.88
2013.01.31 17:00:19.040,1.51973,1.51998,1.50,1.88
2013.01.31 17:00:19.470,1.51979,1.51998,1.50,1.13
2013.01.31 17:00:19.988,1.5198,1.52006,1.50,1.73
2013.01.31 17:00:20.997,1.51976,1.52005,1.73,1.35
2013.01.31 17:00:24.010,1.51974,1.52005,2.48,1.98
2013.01.31 17:00:24.320,1.51974,1.52002,1.88,1.63
2013.01.31 17:00:24.440,1.51974,1.52005,2.10,2.36
2013.01.31 17:00:24.571,1.51974,1.52005,2.10,1.73
2013.01.31 17:00:25.203,1.51974,1.52005,2.10,1.73
2013.01.31 17:00:26.258,1.5198,1.52005,1.50,1.73
2013.01.31 17:00:26.988,1.51979,1.52006,1.50,1.73
2013.01.31 17:00:27.291,1.51982,1.52006,1.73,1.73
2013.01.31 17:00:27.638,1.51982,1.52006,1.50,1.73
2013.01.31 17:00:28.508,1.51982,1.52007,2.48,1.35
2013.01.31 17:00:28.630,1.51982,1.52006,1.50,1.73
2013.01.31 17:00:29.211,1.51983,1.52006,1.50,1.73
2013.01.31 17:00:29.729,1.51978,1.52006,1.73,2.10
2013.01.31 17:00:30.380,1.51981,1.52006,2.48,1.88
2013.01.31 17:00:30.458,1.51983,1.52009,1.73,1.35
2013.01.31 17:00:31.171,1.51982,1.52012,2.48,1.43
2013.01.31 17:00:31.658,1.51983,1.5201,1.73,1.62
2013.01.31 17:00:32.002,1.51981,1.52011,2.85,1.20
2013.01.31 17:00:32.132,1.51981,1.52009,2.85,1.05
2013.01.31 17:00:32.200,1.51983,1.52011,2.48,1.02
2013.01.31 17:00:32.582,1.51984,1.52012,2.25,1.25
2013.01.31 17:00:32.654,1.51984,1.5201,1.50,1.25
2013.01.31 17:00:32.968,1.51984,1.52012,1.50,1.73
2013.01.31 17:00:33.088,1.51986,1.52013,1.50,2.10
2013.01.31 17:00:33.639,1.51986,1.52009,1.73,1.73
2013.01.31 17:00:33.998,1.51989,1.52013,1.50,2.10
2013.01.31 17:00:34.568,1.51988,1.52013,1.50,1.35
2013.01.31 17:00:34.988,1.51987,1.52015,3.23,1.50
2013.01.31 17:00:35.408,1.51992,1.52015,1.73,1.50
2013.01.31 17:00:35.800,1.51989,1.52021,3.60,2.73
2013.01.31 17:00:36.159,1.51991,1.52016,1.50,1.27
2013.01.31 17:00:36.220,1.51991,1.52019,1.73,1.73
2013.01.31 17:00:36.279,1.51991,1.52019,2.48,1.73
2013.01.31 17:00:37.402,1.51989,1.52017,1.73,1.73
2013.01.31 17:00:37.472,1.51989,1.52016,1.50,1.36
2013.01.31 17:00:37.803,1.51989,1.52018,2.63,1.35
2013.01.31 17:00:37.991,1.51989,1.52017,1.88,1.38
2013.01.31 17:00:38.225,1.51989,1.52019,2.25,1.73
2013.01.31 17:00:38.538,1.51989,1.52018,2.63,1.35
2013.01.31 17:00:38.698,1.51989,1.52019,2.63,1.35
2013.01.31 17:00:39.498,1.51993,1.52019,1.50,1.73
2013.01.31 17:00:40.925,1.51993,1.52019,1.50,2.10
2013.01.31 17:00:41.513,1.51993,1.52019,1.50,2.10
2013.01.31 17:00:42.658,1.51993,1.52019,1.50,2.10
2013.01.31 17:00:43.039,1.51993,1.52019,1.50,1.73
2013.01.31 17:00:44.489,1.51993,1.5202,2.25,2.10
2013.01.31 17:00:46.065,1.51993,1.5202,2.25,1.35
2013.01.31 17:00:46.368,1.5199,1.52017,2.63,1.35
2013.01.31 17:00:46.488,1.51988,1.52017,2.25,2.09
2013.01.31 17:00:47.158,1.51988,1.52017,3.75,2.46
2013.01.31 17:00:47.218,1.51988,1.52017,3.75,1.73
2013.01.31 17:00:49.499,1.51991,1.52025,3.75,2.63
2013.01.31 17:00:49.678,1.51991,1.5202,4.13,1.35
2013.01.31 17:00:50.179,1.51991,1.52019,2.25,1.73
2013.01.31 17:00:51.089,1.5199,1.52019,1.50,1.73
2013.01.31 17:00:53.492,1.5199,1.52016,1.13,1.88
2013.01.31 17:00:53.679,1.5199,1.52014,1.13,1.50
2013.01.31 17:00:53.741,1.51986,1.52013,1.13,1.35
2013.01.31 17:00:54.349,1.51985,1.52014,3.23,2.10
2013.01.31 17:00:54.892,1.51985,1.52014,3.23,1.35
2013.01.31 17:00:56.871,1.51985,1.52014,3.23,2.10
2013.01.31 17:00:57.309,1.51989,1.52013,1.50,1.35
2013.01.31 17:00:57.828,1.51988,1.52015,1.50,2.48
2013.01.31 17:00:58.129,1.51987,1.52007,1.50,2.10
2013.01.31 17:00:58.190,1.51984,1.52005,2.55,2.07
2013.01.31 17:00:58.250,1.51984,1.52005,1.50,2.07
2013.01.31 17:00:58.798,1.51985,1.52007,1.50,1.67
2013.01.31 17:00:59.482,1.51984,1.52007,1.50,1.67
2013.01.31 17:00:59.918,1.51981,1.52007,2.25,1.67
2013.01.31 17:01:07.179,1.51981,1.52005,1.35,1.73
2013.01.31 17:01:07.239,1.51985,1.52005,1.13,1.73
2013.01.31 17:01:07.481,1.51987,1.5201,1.73,2.25
2013.01.31 17:01:09.261,1.51985,1.5201,1.35,2.25
2013.01.31 17:01:09.509,1.51985,1.5201,1.35,2.48
2013.01.31 17:01:09.770,1.51981,1.52007,1.73,2.10
2013.01.31 17:01:10.079,1.51986,1.52001,1.50,1.73
2013.01.31 17:01:10.198,1.51978,1.52001,1.73,1.73
2013.01.31 17:01:10.319,1.51977,1.52001,3.00,1.73
2013.01.31 17:01:10.439,1.51977,1.52001,1.73,1.50
2013.01.31 17:01:10.900,1.51978,1.52001,2.48,1.73
2013.01.31 17:01:13.521,1.5198,1.52006,2.48,2.85
2013.01.31 17:01:13.590,1.5198,1.52006,2.48,2.85
2013.01.31 17:01:13.770,1.51983,1.52006,1.73,2.10
2013.01.31 17:01:13.840,1.51983,1.52006,2.48,2.10
2013.01.31 17:01:14.198,1.51988,1.52009,2.48,2.48
2013.01.31 17:01:14.968,1.5199,1.52012,2.48,2.48
2013.01.31 17:01:15.245,1.5199,1.52012,2.48,1.73
2013.01.31 17:01:15.678,1.5199,1.52012,2.48,2.48
2013.01.31 17:01:16.683,1.5199,1.52012,2.25,3.11
2013.01.31 17:01:17.188,1.5199,1.52012,1.50,3.11
2013.01.31 17:01:17.249,1.51988,1.52012,1.50,3.11
2013.01.31 17:01:17.879,1.51983,1.52012,1.50,2.79
2013.01.31 17:01:19.904,1.51983,1.52012,1.50,2.48
2013.01.31 17:01:20.509,1.51983,1.52012,1.73,3.23
2013.01.31 17:01:21.929,1.51983,1.52009,1.73,1.73
2013.01.31 17:01:22.289,1.51981,1.52004,1.50,1.73
2013.01.31 17:01:22.350,1.51979,1.52003,2.25,1.73
2013.01.31 17:01:22.409,1.51979,1.52005,3.00,1.35
2013.01.31 17:01:22.469,1.51979,1.52005,1.73,2.10
2013.01.31 17:01:22.781,1.51979,1.52003,1.50,1.73
2013.01.31 17:01:25.439,1.51975,1.52003,1.88,3.23
2013.01.31 17:01:25.560,1.51975,1.52003,1.50,2.48
2013.01.31 17:01:25.929,1.51977,1.52003,1.73,2.48
2013.01.31 17:01:26.559,1.51974,1.52003,2.25,2.48
2013.01.31 17:01:27.514,1.51974,1.52003,2.25,1.73
2013.01.31 17:01:28.221,1.51974,1.52003,2.25,1.73
2013.01.31 17:01:28.729,1.51975,1.52002,1.50,1.35
2013.01.31 17:01:29.068,1.51974,1.51998,1.50,1.61
2013.01.31 17:01:29.369,1.51971,1.51997,1.50,1.61
2013.01.31 17:01:33.389,1.51971,1.51998,1.50,3.02
2013.01.31 17:01:33.523,1.51972,1.51998,1.73,1.73
2013.01.31 17:01:33.743,1.51971,1.51998,2.48,1.73
2013.01.31 17:01:33.989,1.51972,1.52001,1.73,2.10
2013.01.31 17:01:34.348,1.51973,1.51999,1.50,1.27
2013.01.31 17:01:34.409,1.51974,1.52003,1.50,3.75
2013.01.31 17:01:35.498,1.51974,1.52003,1.73,2.72
2013.01.31 17:01:36.650,1.51974,1.52003,1.73,3.23
2013.01.31 17:01:38.421,1.51978,1.52003,1.50,2.73
2013.01.31 17:01:38.603,1.51975,1.52001,2.25,1.59
2013.01.31 17:01:39.660,1.51974,1.52002,2.25,1.38
2013.01.31 17:01:39.929,1.51975,1.52003,2.48,2.48
2013.01.31 17:01:40.108,1.51972,1.52,1.73,1.73
2013.01.31 17:01:40.232,1.51972,1.52,1.73,1.73
2013.01.31 17:01:40.519,1.51972,1.52,1.73,1.73
2013.01.31 17:01:42.154,1.51971,1.51998,3.23,2.48
2013.01.31 17:01:42.409,1.51971,1.51996,2.10,1.13
2013.01.31 17:01:42.590,1.51971,1.51993,1.50,1.35
2013.01.31 17:01:43.126,1.51968,1.51992,2.48,1.35
2013.01.31 17:01:43.189,1.51968,1.5199,1.73,1.73
2013.01.31 17:01:43.248,1.51969,1.5199,1.50,1.73
2013.01.31 17:01:43.769,1.51969,1.5199,1.73,1.50
2013.01.31 17:01:49.961,1.51972,1.51991,1.73,1.73
2013.01.31 17:01:50.958,1.51971,1.51998,2.48,4.73
2013.01.31 17:01:52.641,1.51971,1.51999,2.48,1.73
2013.01.31 17:01:52.770,1.51971,1.52,1.73,1.05
2013.01.31 17:01:52.829,1.51974,1.52002,1.73,1.05
2013.01.31 17:01:53.249,1.51972,1.51999,1.50,2.48
2013.01.31 17:01:54.073,1.51971,1.51999,2.48,3.23
2013.01.31 17:01:55.668,1.51972,1.52003,2.25,2.48
2013.01.31 17:01:57.380,1.51972,1.52001,1.50,1.73
2013.01.31 17:01:58.981,1.51972,1.51999,1.50,1.73
2013.01.31 17:01:59.639,1.51972,1.51999,1.50,1.73
2013.01.31 17:02:00.109,1.51971,1.52,1.73,1.73
2013.01.31 17:02:05.941,1.51972,1.52001,1.50,1.92
2013.01.31 17:02:06.239,1.51973,1.52001,1.50,1.17
2013.01.31 17:02:06.419,1.51977,1.52003,1.50,2.07
2013.01.31 17:02:06.660,1.51979,1.52005,1.50,1.05
2013.01.31 17:02:06.909,1.51979,1.52005,1.50,1.05
2013.01.31 17:02:07.089,1.51979,1.52006,1.73,1.32
2013.01.31 17:02:14.489,1.5198,1.52006,2.48,1.32
2013.01.31 17:02:14.851,1.51977,1.52003,3.00,1.38
2013.01.31 17:02:15.198,1.51978,1.52003,1.50,1.38
2013.01.31 17:02:15.911,1.51982,1.52006,1.50,1.05
2013.01.31 17:02:17.649,1.51978,1.52006,2.48,1.05
2013.01.31 17:02:19.949,1.51976,1.52002,1.58,3.23
2013.01.31 17:02:20.315,1.51976,1.52001,2.33,1.73
2013.01.31 17:02:21.751,1.51975,1.52005,3.23,2.31
2013.01.31 17:02:22.038,1.51975,1.52005,2.48,2.14
2013.01.31 17:02:22.568,1.51975,1.52005,2.48,1.80
2013.01.31 17:02:26.338,1.51974,1.52005,2.48,1.58
2013.01.31 17:02:26.996,1.51976,1.52005,1.73,1.58
2013.01.31 17:02:30.379,1.51976,1.52006,1.73,2.93
2013.01.31 17:02:31.134,1.51978,1.52006,1.35,2.93
2013.01.31 17:02:33.398,1.51983,1.52008,1.50,1.35
2013.01.31 17:02:37.928,1.51981,1.52006,1.73,1.35
2013.01.31 17:02:39.434,1.51983,1.52009,1.50,1.17
2013.01.31 17:02:42.709,1.51983,1.5201,1.73,1.17
2013.01.31 17:02:45.070,1.51983,1.52009,1.73,1.09
2013.01.31 17:02:45.128,1.51982,1.5201,1.73,3.79
2013.01.31 17:02:46.452,1.51988,1.52009,1.73,1.09
2013.01.31 17:02:49.169,1.51988,1.52009,1.73,1.09
2013.01.31 17:02:49.716,1.51988,1.52009,1.73,1.50
2013.01.31 17:02:50.228,1.51986,1.5201,1.73,1.50
2013.01.31 17:02:52.128,1.51988,1.52013,1.73,2.63
2013.01.31 17:02:54.819,1.5199,1.52014,1.73,2.25
2013.01.31 17:02:59.049,1.5199,1.52014,1.73,3.00
2013.01.31 17:03:00.694,1.51988,1.52014,1.73,1.50
2013.01.31 17:03:01.007,1.5199,1.52015,2.09,1.58
2013.01.31 17:03:01.070,1.5199,1.52015,1.73,1.58
2013.01.31 17:03:02.122,1.5199,1.52016,1.73,1.95
2013.01.31 17:03:02.310,1.51992,1.52016,1.95,1.13
2013.01.31 17:03:03.639,1.51997,1.52018,1.73,1.13
2013.01.31 17:03:03.939,1.51997,1.52016,1.73,1.13
2013.01.31 17:03:04.119,1.51995,1.52017,1.73,1.35
2013.01.31 17:03:04.178,1.51995,1.52017,1.73,1.13
2013.01.31 17:03:09.959,1.51995,1.52021,1.73,1.50
2013.01.31 17:03:10.199,1.51995,1.52018,1.73,1.73
2013.01.31 17:03:12.519,1.51988,1.52017,2.10,1.73
2013.01.31 17:03:17.942,1.51991,1.52019,1.73,1.73
2013.01.31 17:03:18.129,1.51991,1.5202,2.10,2.25
2013.01.31 17:03:18.598,1.51995,1.52022,1.13,1.50
2013.01.31 17:03:18.931,1.51991,1.52021,2.10,1.50
2013.01.31 17:03:19.484,1.51991,1.52021,2.10,1.73
2013.01.31 17:03:20.229,1.51991,1.52019,1.35,1.50
2013.01.31 17:03:24.208,1.51991,1.52018,1.73,1.50
2013.01.31 17:03:24.699,1.51989,1.52018,2.59,1.50
2013.01.31 17:03:25.410,1.51991,1.52019,1.35,1.50
2013.01.31 17:03:27.599,1.51989,1.52018,1.47,1.50
2013.01.31 17:03:27.908,1.51989,1.52018,3.34,1.50
2013.01.31 17:03:28.596,1.51993,1.52021,1.35,1.13
2013.01.31 17:03:29.148,1.51995,1.52022,1.73,3.15
2013.01.31 17:03:29.208,1.51995,1.52022,2.25,1.47
2013.01.31 17:03:29.508,1.51991,1.52021,2.85,1.13
2013.01.31 17:03:33.142,1.51991,1.52019,2.01,1.50
2013.01.31 17:03:35.459,1.51989,1.52019,1.74,1.50
2013.01.31 17:03:35.698,1.51988,1.52017,1.74,1.50
2013.01.31 17:03:35.999,1.51991,1.52018,1.92,1.50
2013.01.31 17:03:36.239,1.51991,1.52016,1.35,1.50
2013.01.31 17:03:37.678,1.51993,1.52017,1.32,3.00
2013.01.31 17:03:37.739,1.51993,1.52017,1.32,1.50
2013.01.31 17:03:38.288,1.51993,1.52017,1.32,1.50
2013.01.31 17:03:39.248,1.51993,1.52017,1.45,1.50
2013.01.31 17:03:39.880,1.51994,1.52019,1.45,3.75
2013.01.31 17:03:40.010,1.51993,1.52019,1.73,3.75
2013.01.31 17:03:40.930,1.5199,1.52019,1.74,1.13
2013.01.31 17:03:40.988,1.51994,1.52019,1.43,1.13
2013.01.31 17:03:41.525,1.51994,1.5202,1.43,1.88
2013.01.31 17:03:41.989,1.51998,1.52019,1.20,1.13
2013.01.31 17:03:42.428,1.52,1.52019,1.35,1.13
2013.01.31 17:03:42.950,1.51993,1.52019,1.59,1.13
2013.01.31 17:03:43.509,1.51994,1.5202,1.59,1.13
2013.01.31 17:03:47.260,1.51993,1.52019,1.96,1.13
2013.01.31 17:03:48.971,1.51993,1.52018,1.59,1.50
2013.01.31 17:03:49.279,1.51988,1.52016,1.73,1.50
2013.01.31 17:03:50.778,1.51986,1.52013,2.85,1.50
2013.01.31 17:03:53.948,1.51983,1.52013,3.87,1.50
2013.01.31 17:03:54.014,1.51983,1.52013,3.94,1.50
2013.01.31 17:03:54.779,1.51986,1.52014,1.35,1.50
2013.01.31 17:04:02.609,1.51988,1.52014,1.47,1.88
2013.01.31 17:04:04.819,1.51991,1.52014,1.59,1.88
2013.01.31 17:04:05.958,1.51991,1.52016,1.59,1.13
2013.01.31 17:04:06.278,1.51992,1.52016,1.50,1.13
2013.01.31 17:04:06.939,1.51989,1.52014,2.25,1.13
2013.01.31 17:04:07.059,1.51989,1.52013,2.16,1.50
2013.01.31 17:04:07.938,1.51991,1.52014,1.29,1.88
2013.01.31 17:04:08.059,1.51991,1.52014,1.29,1.13
2013.01.31 17:04:09.080,1.51991,1.52018,1.63,2.63
2013.01.31 17:04:09.464,1.51988,1.52018,1.73,3.60
2013.01.31 17:04:10.489,1.51988,1.52014,1.73,2.10
2013.01.31 17:04:13.600,1.51988,1.52012,1.73,1.35
2013.01.31 17:04:13.839,1.51989,1.52012,1.50,2.10
2013.01.31 17:04:16.139,1.51987,1.52013,1.73,1.35
2013.01.31 17:04:16.679,1.51989,1.52013,1.50,1.35
2013.01.31 17:04:25.719,1.51985,1.52012,1.73,1.13
2013.01.31 17:04:26.020,1.51988,1.52012,1.73,1.35
2013.01.31 17:04:26.569,1.51987,1.52013,1.35,1.73
2013.01.31 17:04:28.657,1.51985,1.52012,1.35,1.73
2013.01.31 17:04:29.168,1.51985,1.52012,1.35,1.73
2013.01.31 17:04:29.818,1.51988,1.52015,1.35,1.73
2013.01.31 17:04:30.978,1.51991,1.52018,1.73,1.35
2013.01.31 17:04:31.038,1.51991,1.5202,2.48,2.93
2013.01.31 17:04:34.151,1.51996,1.52022,1.50,2.10
2013.01.31 17:04:36.900,1.51996,1.52021,1.73,2.85
2013.01.31 17:04:38.365,1.51996,1.52019,1.73,1.35
2013.01.31 17:04:39.019,1.51996,1.52019,1.73,1.35
2013.01.31 17:04:41.788,1.51996,1.52024,1.73,2.48
2013.01.31 17:04:42.930,1.51992,1.52018,1.73,1.73
2013.01.31 17:04:43.170,1.51992,1.52019,1.73,1.73
2013.01.31 17:04:46.670,1.51996,1.52023,1.73,1.73
2013.01.31 17:04:46.728,1.51997,1.52022,1.35,1.73
2013.01.31 17:04:47.149,1.51994,1.52019,1.35,2.48
2013.01.31 17:04:47.210,1.51996,1.52019,1.50,1.73
2013.01.31 17:04:47.281,1.51996,1.52019,1.73,1.73
2013.01.31 17:04:49.379,1.51994,1.5202,1.73,1.73
2013.01.31 17:04:50.067,1.51994,1.5202,1.73,1.73
2013.01.31 17:04:51.778,1.51993,1.52019,1.35,1.73
2013.01.31 17:04:53.318,1.51992,1.5202,2.10,1.58
2013.01.31 17:04:53.915,1.51993,1.52019,1.35,1.73
2013.01.31 17:04:58.669,1.5199,1.52018,1.73,1.73
2013.01.31 17:04:58.849,1.5199,1.52018,1.35,1.73
2013.01.31 17:05:01.698,1.51993,1.52021,1.73,1.73
2013.01.31 17:05:01.818,1.51993,1.52021,1.73,1.73
2013.01.31 17:05:02.468,1.51991,1.52019,2.10,1.73
2013.01.31 17:05:02.748,1.51991,1.5202,2.10,1.73
2013.01.31 17:05:04.330,1.51993,1.52021,1.73,1.73
2013.01.31 17:05:06.389,1.51993,1.52021,1.73,1.73
2013.01.31 17:05:09.528,1.51993,1.52022,1.35,1.35
2013.01.31 17:05:12.930,1.51991,1.52022,2.10,1.35
2013.01.31 17:05:13.179,1.51991,1.52022,1.73,1.35
2013.01.31 17:05:13.299,1.51991,1.52022,1.73,1.35
2013.01.31 17:05:15.468,1.5199,1.52018,1.50,3.57
2013.01.31 17:05:20.950,1.5199,1.52017,1.50,3.98
2013.01.31 17:05:21.070,1.5199,1.52017,1.50,3.98
2013.01.31 17:05:21.349,1.51987,1.52014,2.48,1.73
2013.01.31 17:05:21.940,1.51987,1.52013,2.48,1.73
2013.01.31 17:05:22.524,1.51987,1.52014,2.48,1.73
2013.01.31 17:05:23.492,1.5199,1.52016,1.13,1.17
2013.01.31 17:05:23.629,1.51987,1.52014,2.48,1.73
2013.01.31 17:05:25.411,1.5199,1.52015,1.35,2.48
2013.01.31 17:05:25.719,1.5199,1.52017,2.25,1.73
2013.01.31 17:05:26.320,1.51987,1.52014,1.73,3.23
2013.01.31 17:05:26.387,1.51991,1.52016,1.35,1.73
2013.01.31 17:05:26.839,1.51987,1.52014,2.48,1.73
2013.01.31 17:05:27.970,1.51987,1.52014,2.48,2.48
2013.01.31 17:05:28.311,1.51987,1.52014,2.25,2.88
2013.01.31 17:05:28.903,1.51987,1.52011,1.50,2.48
2013.01.31 17:05:28.976,1.51984,1.52011,1.73,3.23
2013.01.31 17:05:29.399,1.51982,1.52006,1.73,1.73
2013.01.31 17:05:30.192,1.51982,1.52008,1.73,1.73
2013.01.31 17:05:30.260,1.51982,1.52008,1.73,1.50
2013.01.31 17:05:31.199,1.51985,1.52012,1.73,2.07
2013.01.31 17:05:31.625,1.51986,1.52012,1.35,1.73
2013.01.31 17:05:31.752,1.51986,1.52012,1.35,1.73
2013.01.31 17:05:32.378,1.51986,1.52012,1.35,1.73
2013.01.31 17:05:32.900,1.51986,1.52012,1.35,3.23
2013.01.31 17:05:33.428,1.51986,1.52012,2.10,2.48
2013.01.31 17:05:33.879,1.51986,1.52007,1.35,1.50
2013.01.31 17:05:34.222,1.51976,1.52004,1.73,2.07
2013.01.31 17:05:34.352,1.51976,1.52002,2.85,1.73
2013.01.31 17:05:45.331,1.51976,1.52002,1.35,3.23
2013.01.31 17:05:45.849,1.51974,1.52002,1.35,2.48
2013.01.31 17:05:46.379,1.51974,1.52002,1.35,2.48
2013.01.31 17:05:49.470,1.51972,1.52001,1.35,2.48
2013.01.31 17:05:50.179,1.51973,1.52001,1.73,1.73
2013.01.31 17:05:50.239,1.51973,1.52001,1.73,1.73
2013.01.31 17:05:52.390,1.51973,1.52,1.73,1.73
2013.01.31 17:05:55.689,1.51973,1.52,1.73,1.73
2013.01.31 17:05:56.201,1.51973,1.52001,1.73,1.73
2013.01.31 17:06:00.280,1.51971,1.51999,1.35,1.73
2013.01.31 17:06:06.204,1.51969,1.51998,1.73,2.67
2013.01.31 17:06:09.340,1.51969,1.51998,1.73,1.73
2013.01.31 17:06:12.939,1.51969,1.51997,1.35,1.73
2013.01.31 17:06:13.119,1.51969,1.51997,1.35,1.73
2013.01.31 17:06:16.209,1.51966,1.51993,2.48,1.73
2013.01.31 17:06:16.269,1.51966,1.51993,1.50,2.48
2013.01.31 17:06:16.449,1.51964,1.51991,1.13,1.38
2013.01.31 17:06:16.689,1.51964,1.51992,1.73,2.10
2013.01.31 17:06:17.969,1.51967,1.51992,1.88,1.35
2013.01.31 17:06:18.149,1.51967,1.51992,2.63,1.35
2013.01.31 17:06:18.469,1.51967,1.51992,1.88,1.35
2013.01.31 17:06:19.069,1.51968,1.51992,2.25,1.35
2013.01.31 17:06:20.079,1.51968,1.51992,1.50,1.35
2013.01.31 17:06:20.200,1.51969,1.51992,1.50,1.13
2013.01.31 17:06:20.989,1.5197,1.51995,1.13,1.73
2013.01.31 17:06:21.389,1.5197,1.51996,1.50,1.73
2013.01.31 17:06:21.449,1.51972,1.51999,1.73,1.50
2013.01.31 17:06:21.511,1.51972,1.52,1.73,1.50
2013.01.31 17:06:21.639,1.5197,1.52,1.88,1.73
2013.01.31 17:06:22.770,1.51972,1.51999,1.73,1.50
2013.01.31 17:06:32.790,1.51971,1.51999,1.13,2.48
2013.01.31 17:06:33.029,1.51971,1.51998,1.88,1.73
2013.01.31 17:06:36.350,1.5197,1.51999,1.88,1.73
2013.01.31 17:06:36.529,1.51974,1.52,1.73,1.73
2013.01.31 17:06:36.588,1.51974,1.52,1.73,2.48
2013.01.31 17:06:36.710,1.51974,1.52003,2.48,2.48
2013.01.31 17:06:36.948,1.51972,1.51998,3.00,1.73
2013.01.31 17:06:37.248,1.5197,1.51998,1.50,1.73
2013.01.31 17:06:39.459,1.5197,1.52,1.88,3.23
2013.01.31 17:06:40.130,1.5197,1.52002,2.10,1.73
2013.01.31 17:06:41.151,1.51972,1.52002,1.73,2.00
2013.01.31 17:06:41.279,1.51972,1.52002,1.73,1.73
2013.01.31 17:06:51.001,1.51971,1.51997,1.73,1.32
2013.01.31 17:06:51.240,1.51969,1.51995,1.73,1.73
2013.01.31 17:06:51.361,1.51966,1.51992,1.50,1.73
2013.01.31 17:06:51.431,1.51965,1.51991,1.88,2.67
2013.01.31 17:06:51.500,1.51962,1.51991,2.25,1.73
2013.01.31 17:06:51.980,1.51962,1.51989,1.50,1.73
2013.01.31 17:06:52.475,1.51962,1.51989,1.50,1.73
2013.01.31 17:06:52.799,1.51962,1.51991,2.25,2.29
2013.01.31 17:06:53.374,1.51962,1.51991,2.25,2.29
2013.01.31 17:06:54.601,1.51962,1.51991,3.23,1.35
2013.01.31 17:06:54.720,1.51967,1.51994,1.73,3.23
2013.01.31 17:06:54.842,1.51967,1.51996,1.73,1.35
2013.01.31 17:06:54.908,1.51967,1.51996,1.73,1.35
2013.01.31 17:06:55.149,1.51966,1.51996,4.73,2.10
2013.01.31 17:06:55.291,1.51966,1.51996,5.48,2.10
2013.01.31 17:06:55.711,1.51967,1.51996,1.73,1.35
2013.01.31 17:06:56.040,1.51967,1.51996,1.73,1.35
2013.01.31 17:06:56.101,1.51967,1.51996,1.73,1.35
2013.01.31 17:07:01.369,1.51967,1.51993,1.73,1.50
2013.01.31 17:07:01.491,1.51967,1.51994,1.73,2.10
2013.01.31 17:07:01.814,1.51962,1.51993,1.73,1.50
2013.01.31 17:07:02.149,1.51967,1.51993,1.73,1.73
2013.01.31 17:07:02.470,1.51965,1.51994,1.73,1.88
2013.01.31 17:07:02.592,1.51965,1.51996,1.73,3.30
2013.01.31 17:07:02.721,1.51965,1.51996,2.48,1.35
2013.01.31 17:07:02.839,1.51965,1.51996,2.48,1.35
2013.01.31 17:07:02.899,1.51965,1.51996,2.48,1.35
2013.01.31 17:07:02.960,1.51965,1.51996,2.48,1.35
2013.01.31 17:07:03.431,1.51965,1.51996,2.48,1.35
2013.01.31 17:07:03.950,1.51967,1.51994,1.73,1.50
2013.01.31 17:07:04.629,1.51967,1.51996,1.73,2.85
2013.01.31 17:07:04.751,1.51967,1.51994,1.50,1.73
2013.01.31 17:07:05.930,1.51963,1.51996,1.73,4.48
2013.01.31 17:07:06.002,1.51963,1.51996,1.73,3.60
2013.01.31 17:07:06.459,1.51963,1.51996,1.73,3.23
2013.01.31 17:07:07.296,1.51967,1.51996,1.73,2.48
2013.01.31 17:07:08.060,1.51967,1.51997,1.73,1.73
2013.01.31 17:07:08.468,1.51967,1.51994,1.73,1.73
2013.01.31 17:07:09.100,1.51971,1.51998,1.73,1.73
2013.01.31 17:07:09.350,1.51972,1.51998,1.73,1.73
2013.01.31 17:07:09.410,1.51972,1.51998,1.73,2.48
2013.01.31 17:07:09.921,1.51972,1.51998,1.73,2.48
2013.01.31 17:07:13.061,1.51972,1.51999,1.73,2.10
2013.01.31 17:07:13.299,1.51972,1.51999,1.73,1.73
2013.01.31 17:07:16.909,1.51972,1.51998,1.73,1.73
2013.01.31 17:07:16.969,1.51972,1.51998,1.73,1.73
2013.01.31 17:07:17.331,1.51968,1.51993,2.25,1.73
2013.01.31 17:07:17.713,1.5197,1.51996,1.35,1.50
2013.01.31 17:07:17.839,1.5197,1.51996,1.35,1.50
2013.01.31 17:07:18.449,1.51971,1.51997,1.35,1.73
2013.01.31 17:07:18.960,1.51971,1.51996,1.35,1.50
2013.01.31 17:07:21.639,1.51971,1.51997,1.35,1.73
2013.01.31 17:07:21.819,1.51971,1.51997,1.35,1.73
2013.01.31 17:07:22.170,1.51971,1.51996,1.35,1.73
2013.01.31 17:07:22.229,1.51971,1.51996,1.35,1.50
2013.01.31 17:07:29.139,1.51971,1.51996,1.35,1.50
2013.01.31 17:07:29.519,1.51976,1.51999,1.50,2.48
2013.01.31 17:07:29.580,1.51976,1.51999,1.73,1.73
2013.01.31 17:07:29.700,1.51976,1.51999,3.00,1.73
2013.01.31 17:07:29.759,1.51976,1.51996,2.25,1.73
2013.01.31 17:07:29.940,1.51976,1.51993,1.50,2.51
2013.01.31 17:07:30.059,1.51973,1.51993,1.50,2.51
2013.01.31 17:07:30.209,1.51966,1.51993,1.50,1.76
2013.01.31 17:07:30.270,1.51966,1.51993,1.50,1.76
2013.01.31 17:07:30.449,1.51969,1.51993,1.50,1.76
2013.01.31 17:07:30.509,1.51969,1.51993,1.73,2.10
2013.01.31 17:07:30.889,1.51967,1.51992,2.48,2.07
2013.01.31 17:07:30.948,1.51967,1.5199,1.73,1.73
2013.01.31 17:07:31.249,1.51966,1.51988,1.73,1.73
2013.01.31 17:07:31.369,1.51961,1.51988,1.41,1.50
2013.01.31 17:07:31.490,1.5196,1.51989,2.48,1.73
2013.01.31 17:07:31.610,1.5196,1.51988,2.10,1.73
2013.01.31 17:07:31.919,1.51957,1.51984,2.48,1.73
2013.01.31 17:07:33.389,1.51957,1.51983,2.10,1.73
2013.01.31 17:07:34.949,1.51957,1.51985,2.48,1.73
2013.01.31 17:07:35.539,1.51959,1.51985,2.10,1.73
2013.01.31 17:07:36.110,1.5196,1.51985,1.50,1.73
2013.01.31 17:07:36.939,1.51959,1.51985,1.73,1.73
2013.01.31 17:07:37.299,1.51959,1.51987,5.48,1.95
2013.01.31 17:07:37.419,1.5196,1.51986,2.25,2.48
2013.01.31 17:07:37.598,1.51959,1.51989,3.98,2.48
2013.01.31 17:07:39.499,1.5196,1.51984,1.50,1.73
2013.01.31 17:07:40.110,1.51959,1.51984,1.73,1.73
2013.01.31 17:07:40.675,1.51958,1.51985,1.73,1.73
2013.01.31 17:07:41.162,1.51956,1.51984,1.50,1.61
2013.01.31 17:07:41.622,1.51955,1.51982,1.13,1.05
2013.01.31 17:07:41.704,1.51955,1.51982,1.13,1.05
2013.01.31 17:07:41.774,1.51955,1.51983,1.13,1.17
2013.01.31 17:07:41.960,1.51955,1.51983,1.13,1.17
2013.01.31 17:07:42.380,1.5196,1.51985,2.25,1.73
2013.01.31 17:07:42.499,1.51965,1.51985,1.73,1.73
2013.01.31 17:07:42.559,1.51962,1.51985,3.60,2.48
2013.01.31 17:07:42.739,1.51962,1.51985,2.63,2.82
2013.01.31 17:07:42.989,1.51961,1.51984,1.50,1.73
2013.01.31 17:07:43.171,1.51955,1.51977,1.58,1.35
2013.01.31 17:07:43.471,1.51956,1.51975,1.95,1.50
2013.01.31 17:07:43.709,1.51951,1.51975,1.73,1.50
2013.01.31 17:07:43.897,1.51947,1.51976,1.73,1.50
2013.01.31 17:07:44.480,1.51951,1.51978,1.73,1.13
2013.01.31 17:07:47.299,1.51949,1.51977,1.73,1.13
2013.01.31 17:07:47.890,1.51949,1.51978,1.73,1.50
2013.01.31 17:07:49.482,1.51949,1.51977,1.25,1.50
2013.01.31 17:07:50.019,1.5195,1.51977,1.35,1.13
2013.01.31 17:07:50.140,1.5195,1.51977,1.35,1.13
2013.01.31 17:07:50.732,1.5195,1.51978,1.73,1.50
2013.01.31 17:07:55.910,1.51951,1.51977,1.35,2.25
2013.01.31 17:07:56.359,1.5195,1.51978,2.10,1.88
2013.01.31 17:07:58.439,1.51953,1.51978,2.48,1.13
2013.01.31 17:07:58.947,1.51953,1.51983,3.00,3.23
2013.01.31 17:08:02.179,1.51953,1.51979,2.25,1.13
2013.01.31 17:08:02.539,1.51953,1.51979,2.48,1.35
2013.01.31 17:08:02.660,1.51953,1.51979,2.25,1.35
2013.01.31 17:08:02.899,1.51953,1.51979,3.75,1.35
2013.01.31 17:08:02.959,1.51953,1.51979,2.48,1.35
2013.01.31 17:08:03.201,1.51953,1.51979,2.25,1.35
2013.01.31 17:08:03.438,1.51953,1.51979,2.48,1.35
2013.01.31 17:08:03.623,1.51953,1.51983,3.23,2.85
2013.01.31 17:08:03.748,1.51953,1.51981,2.25,1.73
2013.01.31 17:08:04.061,1.51953,1.51983,2.48,2.10
2013.01.31 17:08:04.182,1.51953,1.51979,1.73,1.73
2013.01.31 17:08:04.310,1.51953,1.51979,1.50,1.73
2013.01.31 17:08:04.601,1.51956,1.51983,1.50,1.69
2013.01.31 17:08:04.838,1.51959,1.51986,1.50,2.10
2013.01.31 17:08:04.959,1.5196,1.51986,1.35,2.10
2013.01.31 17:08:05.259,1.51956,1.51984,1.13,1.73
2013.01.31 17:08:05.499,1.51958,1.51986,1.73,1.35
2013.01.31 17:08:06.361,1.51956,1.51984,1.73,1.73
2013.01.31 17:08:06.651,1.51956,1.51986,1.73,1.54
2013.01.31 17:08:09.293,1.51958,1.51983,1.73,1.73
2013.01.31 17:08:09.571,1.51957,1.51983,1.73,1.73
2013.01.31 17:08:09.930,1.51956,1.51983,2.48,1.32
2013.01.31 17:08:09.991,1.51956,1.51982,1.73,1.32
2013.01.31 17:08:10.060,1.51956,1.51982,1.50,1.32
2013.01.31 17:08:10.269,1.51956,1.51983,1.73,1.73
2013.01.31 17:08:10.459,1.51956,1.51982,1.50,1.38
2013.01.31 17:08:10.699,1.51957,1.51983,1.50,1.73
2013.01.31 17:08:11.309,1.51956,1.51983,1.50,1.73
2013.01.31 17:08:11.659,1.51956,1.51983,1.50,1.73
2013.01.31 17:08:12.679,1.51957,1.51986,1.13,1.35
2013.01.31 17:08:12.800,1.51962,1.51988,1.73,1.35
2013.01.31 17:08:12.920,1.5196,1.51986,1.73,1.35
2013.01.31 17:08:13.438,1.51957,1.51986,1.13,1.35
2013.01.31 17:08:15.319,1.51955,1.51984,2.25,1.73
2013.01.31 17:08:17.669,1.51961,1.51988,1.50,1.35
2013.01.31 17:08:17.729,1.51961,1.5199,2.48,2.48
2013.01.31 17:08:19.159,1.51961,1.5199,2.48,2.10
2013.01.31 17:08:19.219,1.51961,1.51989,2.48,1.19
2013.01.31 17:08:19.399,1.51956,1.51986,4.84,1.73
2013.01.31 17:08:19.469,1.51956,1.51984,3.00,1.73
2013.01.31 17:08:21.369,1.51956,1.51983,1.50,1.35
2013.01.31 17:08:21.831,1.51956,1.5198,1.50,1.88
2013.01.31 17:08:24.079,1.51952,1.5198,1.58,1.32
2013.01.31 17:08:24.144,1.51952,1.5198,1.80,1.32
2013.01.31 17:08:24.389,1.51961,1.51984,1.50,1.35
2013.01.31 17:08:24.510,1.51964,1.51987,1.73,1.35
2013.01.31 17:08:24.810,1.51964,1.51992,1.73,1.73
2013.01.31 17:08:25.170,1.51971,1.51997,1.73,1.35
2013.01.31 17:08:25.290,1.51971,1.51997,1.73,1.35
2013.01.31 17:08:25.879,1.51971,1.51998,1.73,3.10
2013.01.31 17:08:27.499,1.51971,1.51997,2.10,1.35
2013.01.31 17:08:27.680,1.51971,1.51997,1.88,2.10
2013.01.31 17:08:28.422,1.51965,1.51994,1.73,1.73
2013.01.31 17:08:29.448,1.51967,1.51995,1.73,2.48
2013.01.31 17:08:30.009,1.51967,1.51994,2.48,1.73
2013.01.31 17:08:30.370,1.51967,1.51993,2.48,1.73
2013.01.31 17:08:30.492,1.51966,1.51988,1.50,1.73
2013.01.31 17:08:30.561,1.51962,1.51988,4.73,1.73
2013.01.31 17:08:30.680,1.51962,1.51988,2.48,1.50
2013.01.31 17:08:33.298,1.51964,1.51989,1.73,1.50
2013.01.31 17:08:33.600,1.51951,1.51975,1.73,1.50
2013.01.31 17:08:33.660,1.51951,1.51975,1.73,1.50
2013.01.31 17:08:33.860,1.51951,1.51978,3.23,1.35
2013.01.31 17:08:34.898,1.51953,1.51978,1.73,1.35
2013.01.31 17:08:35.509,1.51951,1.51975,2.25,1.73
2013.01.31 17:08:36.069,1.51952,1.51974,1.50,2.25
2013.01.31 17:08:36.719,1.51948,1.51974,2.25,2.25
2013.01.31 17:08:37.140,1.51948,1.51974,2.25,2.25
2013.01.31 17:08:37.209,1.51948,1.51968,1.50,1.73
2013.01.31 17:08:37.269,1.51948,1.51968,1.50,1.73
2013.01.31 17:08:37.669,1.51948,1.51958,1.50,1.13
2013.01.31 17:08:37.729,1.51937,1.51957,2.10,1.50
2013.01.31 17:08:37.790,1.51937,1.51957,1.13,1.73
2013.01.31 17:08:38.030,1.51934,1.51961,2.85,1.09
2013.01.31 17:08:39.210,1.51942,1.51969,2.48,1.92
2013.01.31 17:08:44.463,1.51941,1.51969,1.73,1.73
2013.01.31 17:08:45.061,1.51941,1.51969,1.73,1.73
2013.01.31 17:08:53.179,1.5194,1.51966,2.48,1.35
2013.01.31 17:08:53.299,1.5194,1.51966,2.25,1.35
2013.01.31 17:08:59.389,1.51937,1.51963,1.73,1.32
2013.01.31 17:08:59.571,1.51937,1.51963,2.48,1.32
2013.01.31 17:08:59.881,1.51946,1.51974,3.00,1.71
2013.01.31 17:09:00.010,1.51946,1.51974,2.85,2.10
2013.01.31 17:09:00.131,1.51946,1.51974,2.85,2.10
2013.01.31 17:09:02.219,1.5195,1.51975,2.48,1.73
2013.01.31 17:09:11.929,1.51948,1.51974,2.48,1.73
2013.01.31 17:09:13.490,1.51948,1.51977,2.48,1.35
2013.01.31 17:09:23.449,1.51951,1.51977,1.73,1.73
2013.01.31 17:09:26.420,1.51954,1.51978,2.25,2.48
2013.01.31 17:09:29.681,1.51954,1.51978,2.25,1.73
2013.01.31 17:09:31.945,1.51954,1.51979,2.25,2.48
2013.01.31 17:09:35.661,1.51954,1.51979,2.48,1.73
2013.01.31 17:09:36.174,1.51954,1.51981,2.48,1.35
2013.01.31 17:09:38.945,1.51954,1.51979,1.73,1.73
2013.01.31 17:09:39.199,1.51954,1.51982,2.48,1.35
2013.01.31 17:09:41.339,1.51954,1.5198,3.98,1.73
2013.01.31 17:09:41.699,1.51954,1.51979,3.75,2.48
2013.01.31 17:09:42.859,1.51954,1.51979,2.48,1.69
2013.01.31 17:09:45.832,1.51952,1.51979,2.48,1.69
2013.01.31 17:09:46.163,1.51954,1.51979,3.23,1.69
2013.01.31 17:09:51.446,1.51958,1.51975,1.73,1.50
2013.01.31 17:09:52.041,1.51958,1.5198,2.48,2.07
2013.01.31 17:09:52.603,1.51958,1.5198,2.48,2.07
2013.01.31 17:09:53.369,1.51958,1.5198,2.48,2.07
2013.01.31 17:09:54.471,1.51958,1.51979,2.48,2.25
2013.01.31 17:09:55.129,1.51958,1.5198,2.48,2.63
2013.01.31 17:09:55.309,1.51958,1.5198,2.48,1.88
2013.01.31 17:09:55.849,1.51959,1.5198,2.48,1.13
2013.01.31 17:10:01.166,1.51955,1.51986,2.70,3.19
2013.01.31 17:10:01.678,1.51956,1.51983,2.48,1.13
2013.01.31 17:10:05.119,1.51956,1.51982,2.84,1.88
2013.01.31 17:10:11.319,1.51957,1.51986,2.09,1.69
2013.01.31 17:10:13.187,1.51959,1.51986,1.73,1.54
2013.01.31 17:10:19.340,1.5196,1.51986,2.48,1.17
2013.01.31 17:10:19.590,1.51962,1.51987,2.95,1.13
2013.01.31 17:10:20.201,1.51963,1.51989,2.48,1.88
2013.01.31 17:10:22.940,1.51962,1.51988,2.95,1.13
2013.01.31 17:10:31.041,1.51956,1.51979,1.73,1.28
2013.01.31 17:10:31.099,1.51956,1.51979,1.73,1.28
2013.01.31 17:10:31.870,1.51954,1.51975,1.54,1.50
2013.01.31 17:10:31.930,1.51952,1.51974,2.48,1.50
2013.01.31 17:10:32.108,1.5195,1.51974,2.48,4.50
2013.01.31 17:10:32.951,1.51946,1.5197,1.56,1.13
2013.01.31 17:10:38.679,1.51946,1.51974,1.56,1.58
2013.01.31 17:10:38.799,1.51949,1.51976,2.48,2.18
2013.01.31 17:10:38.990,1.51951,1.51976,1.52,1.20
2013.01.31 17:10:39.243,1.51954,1.51977,2.48,1.13
2013.01.31 17:10:39.310,1.51957,1.51977,1.63,1.13
2013.01.31 17:10:39.490,1.51959,1.51981,1.59,1.58
2013.01.31 17:10:39.909,1.51959,1.51984,1.59,1.13
2013.01.31 17:10:39.969,1.51965,1.51984,1.32,1.13
2013.01.31 17:10:40.270,1.5197,1.51986,1.29,1.13
2013.01.31 17:10:40.393,1.51968,1.51995,2.48,2.48
2013.01.31 17:10:40.699,1.51966,1.51993,1.49,1.50
2013.01.31 17:10:41.239,1.5197,1.51993,3.01,2.25
2013.01.31 17:10:41.379,1.5197,1.51993,3.01,2.63
2013.01.31 17:10:41.947,1.5197,1.51994,2.75,1.13
2013.01.31 17:10:42.699,1.51975,1.51998,1.50,1.20
2013.01.31 17:10:42.819,1.51973,1.51998,2.86,1.20
2013.01.31 17:10:44.632,1.51973,1.51993,1.36,1.13
2013.01.31 17:10:44.840,1.51968,1.51994,1.44,1.13
2013.01.31 17:10:45.602,1.5197,1.51996,1.27,1.50
2013.01.31 17:10:47.801,1.5197,1.51997,1.27,1.88
2013.01.31 17:10:47.919,1.5197,1.51996,3.52,1.13
2013.01.31 17:10:48.307,1.51976,1.51996,1.46,1.13
2013.01.31 17:10:49.399,1.51972,1.51995,2.21,1.50
2013.01.31 17:10:49.541,1.51972,1.51993,1.73,1.50
2013.01.31 17:10:49.660,1.51972,1.51997,2.48,1.88
2013.01.31 17:10:49.780,1.51976,1.51997,1.38,1.13
2013.01.31 17:10:49.920,1.51976,1.51997,1.38,1.13
2013.01.31 17:10:56.499,1.51976,1.52001,2.88,1.88
2013.01.31 17:10:56.559,1.51977,1.52001,2.19,1.88
2013.01.31 17:10:56.741,1.51986,1.52012,1.35,2.10
2013.01.31 17:10:56.810,1.51986,1.52012,1.13,2.10
2013.01.31 17:10:57.050,1.51989,1.52012,1.73,1.73
2013.01.31 17:10:57.232,1.51989,1.52014,2.48,2.10
2013.01.31 17:10:57.541,1.52,1.52019,3.00,2.25
2013.01.31 17:10:57.601,1.52001,1.52019,1.88,1.50
2013.01.31 17:10:57.730,1.5201,1.52021,2.48,2.25
2013.01.31 17:10:57.852,1.5201,1.52027,2.48,3.00
2013.01.31 17:10:57.921,1.52013,1.52033,1.73,2.70
2013.01.31 17:10:58.040,1.52011,1.52034,3.23,1.95
2013.01.31 17:10:58.412,1.52012,1.5203,1.50,1.50
2013.01.31 17:10:58.482,1.52012,1.52036,1.50,1.32
2013.01.31 17:10:58.761,1.52012,1.52033,1.73,1.50
2013.01.31 17:10:59.060,1.52017,1.52034,1.73,1.50
2013.01.31 17:10:59.180,1.5202,1.52037,1.50,1.73
2013.01.31 17:10:59.240,1.5202,1.52043,1.73,1.35
2013.01.31 17:10:59.301,1.5202,1.52043,1.50,1.71
2013.01.31 17:10:59.621,1.5203,1.52045,1.50,2.40
2013.01.31 17:10:59.934,1.52039,1.52045,1.13,1.43
2013.01.31 17:11:00.240,1.52031,1.52048,1.35,1.88
2013.01.31 17:11:00.430,1.52031,1.52047,2.48,1.13
2013.01.31 17:11:00.670,1.52031,1.52047,1.73,1.13
2013.01.31 17:11:00.970,1.5203,1.52045,1.50,1.88
2013.01.31 17:11:01.090,1.52026,1.52045,1.13,1.88
2013.01.31 17:11:01.269,1.52026,1.5205,1.13,1.73
2013.01.31 17:11:01.389,1.52026,1.52049,1.13,1.73
2013.01.31 17:11:01.843,1.52026,1.52051,1.50,1.35
2013.01.31 17:11:01.913,1.52026,1.52047,1.50,1.73
2013.01.31 17:11:02.222,1.52024,1.52044,2.18,1.50
2013.01.31 17:11:02.472,1.52016,1.52046,2.48,1.28
2013.01.31 17:11:02.547,1.52018,1.52046,1.80,1.28
2013.01.31 17:11:02.669,1.52016,1.52044,1.73,2.40
2013.01.31 17:11:02.730,1.52016,1.52044,1.50,2.93
2013.01.31 17:11:02.790,1.52016,1.52037,1.50,1.65
2013.01.31 17:11:02.971,1.52012,1.52035,2.18,1.23
2013.01.31 17:11:03.031,1.52012,1.52035,1.50,1.23
2013.01.31 17:11:03.210,1.52006,1.52034,1.50,1.73
2013.01.31 17:11:03.330,1.52006,1.52034,1.50,1.73
2013.01.31 17:11:03.390,1.52006,1.52034,1.50,1.73
2013.01.31 17:11:03.589,1.52006,1.52034,1.50,1.73
2013.01.31 17:11:03.830,1.52006,1.52034,1.50,1.73
2013.01.31 17:11:03.950,1.52009,1.52034,1.50,1.35
2013.01.31 17:11:04.190,1.52009,1.52038,1.50,1.35
2013.01.31 17:11:04.250,1.52011,1.52038,1.50,1.35
2013.01.31 17:11:04.751,1.52013,1.52042,1.50,1.73
2013.01.31 17:11:05.510,1.52016,1.52043,2.25,1.35
2013.01.31 17:11:05.570,1.52017,1.52043,1.50,1.35
2013.01.31 17:11:05.876,1.52018,1.52043,2.25,1.35
2013.01.31 17:11:06.162,1.52022,1.52048,1.50,1.70
2013.01.31 17:11:06.409,1.52022,1.52048,1.50,1.70
2013.01.31 17:11:06.709,1.52022,1.52048,1.50,2.05
2013.01.31 17:11:07.255,1.52017,1.52044,1.50,1.73
2013.01.31 17:11:07.382,1.52016,1.52045,1.50,1.32
2013.01.31 17:11:07.453,1.52016,1.52044,1.50,1.73
2013.01.31 17:11:07.524,1.52016,1.52042,1.50,1.95
2013.01.31 17:11:07.832,1.52016,1.52032,1.50,1.14
2013.01.31 17:11:07.961,1.52016,1.52038,1.50,2.03
2013.01.31 17:11:08.200,1.52008,1.52038,1.50,1.28
2013.01.31 17:11:08.320,1.52008,1.5204,3.75,3.90
2013.01.31 17:11:08.381,1.52008,1.52039,3.75,1.65
2013.01.31 17:11:08.680,1.52012,1.52033,1.50,1.13
2013.01.31 17:11:08.989,1.52004,1.52033,2.33,1.35
2013.01.31 17:11:09.448,1.52004,1.52028,1.50,1.50
2013.01.31 17:11:09.526,1.52004,1.52028,1.50,1.50
2013.01.31 17:11:10.450,1.52,1.52026,1.50,1.80
2013.01.31 17:11:10.821,1.52001,1.5203,1.50,1.73
2013.01.31 17:11:11.409,1.52001,1.5203,1.50,1.73
2013.01.31 17:11:11.649,1.52,1.52031,1.73,1.73
2013.01.31 17:11:11.829,1.51996,1.52029,1.73,2.07
2013.01.31 17:11:12.189,1.51995,1.52026,1.50,2.10
2013.01.31 17:11:12.539,1.51994,1.52023,1.58,1.24
2013.01.31 17:11:13.410,1.51996,1.52026,1.50,2.74
2013.01.31 17:11:13.479,1.51996,1.52026,1.50,2.48
2013.01.31 17:11:14.079,1.52,1.52026,1.50,1.73
2013.01.31 17:11:14.559,1.51996,1.52025,1.50,1.73
2013.01.31 17:11:14.680,1.51992,1.52025,1.80,2.48
2013.01.31 17:11:14.919,1.51995,1.52023,1.50,1.47
2013.01.31 17:11:14.980,1.51992,1.52023,1.58,1.47
2013.01.31 17:11:15.160,1.51996,1.52025,1.50,1.47
2013.01.31 17:11:15.282,1.51996,1.52026,1.50,1.73
2013.01.31 17:11:15.951,1.51998,1.52027,1.50,2.07
2013.01.31 17:11:16.130,1.51997,1.52016,2.25,1.13
2013.01.31 17:11:16.310,1.51994,1.52016,1.73,2.25
2013.01.31 17:11:16.372,1.51991,1.52016,1.50,2.48
2013.01.31 17:11:16.670,1.51987,1.52016,3.60,1.84
2013.01.31 17:11:16.851,1.51987,1.52017,3.60,1.73
2013.01.31 17:11:17.177,1.5199,1.52019,1.50,1.35
2013.01.31 17:11:17.479,1.51994,1.52023,1.50,1.73
2013.01.31 17:11:17.720,1.51995,1.52023,1.50,1.73
2013.01.31 17:11:17.841,1.51998,1.52028,1.50,1.73
2013.01.31 17:11:19.129,1.51998,1.52029,1.13,1.35
2013.01.31 17:11:19.452,1.52,1.52032,2.48,1.35
2013.01.31 17:11:20.040,1.52005,1.52033,2.25,2.85
2013.01.31 17:11:20.469,1.52005,1.52033,2.25,1.35
2013.01.31 17:11:21.381,1.52006,1.52033,1.50,1.35
2013.01.31 17:11:21.680,1.52001,1.52028,1.50,2.11
2013.01.31 17:11:22.242,1.52,1.52027,1.50,1.36
2013.01.31 17:11:22.319,1.52,1.52033,2.48,1.73
2013.01.31 17:11:23.410,1.52005,1.52036,1.50,1.69
2013.01.31 17:11:23.470,1.52005,1.52035,1.50,2.18
2013.01.31 17:11:23.590,1.52005,1.52035,1.73,1.80
2013.01.31 17:11:23.650,1.52004,1.52035,1.73,2.55
2013.01.31 17:11:23.830,1.52003,1.52036,1.73,1.80
2013.01.31 17:11:24.132,1.52006,1.52036,1.73,1.80
2013.01.31 17:11:24.880,1.52014,1.52039,1.50,1.35
2013.01.31 17:11:26.034,1.52012,1.5204,1.50,1.65
2013.01.31 17:11:26.219,1.5201,1.52039,3.00,1.27
2013.01.31 17:11:26.959,1.5201,1.52042,3.00,1.65
2013.01.31 17:11:27.019,1.5201,1.52042,3.00,1.35
2013.01.31 17:11:27.600,1.52011,1.52043,2.25,1.35
2013.01.31 17:11:28.739,1.52013,1.52046,1.50,2.00
2013.01.31 17:11:28.799,1.52015,1.52046,2.48,1.73
2013.01.31 17:11:29.280,1.52016,1.52046,1.73,4.73
2013.01.31 17:11:30.150,1.52016,1.52044,1.73,1.35
2013.01.31 17:11:30.329,1.52015,1.52044,2.25,1.73
2013.01.31 17:11:31.139,1.52015,1.52045,3.75,1.73
2013.01.31 17:11:31.379,1.5202,1.52045,2.25,1.35
2013.01.31 17:11:31.439,1.5202,1.52048,2.25,1.80
2013.01.31 17:11:32.819,1.52019,1.52045,2.25,1.35
2013.01.31 17:11:33.060,1.5202,1.52044,2.25,1.35
2013.01.31 17:11:33.119,1.5202,1.52044,1.50,2.10
2013.01.31 17:11:33.249,1.52017,1.52043,3.00,2.10
2013.01.31 17:11:33.789,1.52016,1.52042,1.50,2.10
2013.01.31 17:11:33.909,1.52016,1.52042,1.50,2.10
2013.01.31 17:11:34.710,1.52012,1.5204,1.50,1.73
2013.01.31 17:11:35.330,1.5201,1.52035,1.50,1.35
2013.01.31 17:11:36.780,1.52008,1.52034,1.50,2.10
2013.01.31 17:11:37.451,1.52006,1.52034,1.50,1.73
2013.01.31 17:11:38.129,1.52006,1.52033,1.50,1.73
2013.01.31 17:11:40.719,1.52012,1.52034,1.50,1.73
2013.01.31 17:11:41.254,1.52013,1.52034,1.50,1.35
2013.01.31 17:11:41.993,1.52014,1.52034,1.50,1.73
2013.01.31 17:11:42.240,1.52012,1.52034,1.50,1.73
2013.01.31 17:11:42.876,1.52013,1.52033,1.50,1.73
2013.01.31 17:11:43.697,1.52011,1.52032,2.25,1.73
2013.01.31 17:11:46.902,1.5201,1.52034,2.25,1.73
2013.01.31 17:11:50.590,1.52003,1.52032,3.75,1.73
2013.01.31 17:11:51.449,1.52003,1.52028,1.50,1.35
2013.01.31 17:11:51.569,1.52004,1.52028,1.50,1.35
2013.01.31 17:11:55.759,1.51995,1.52025,1.58,1.35
2013.01.31 17:11:57.699,1.51995,1.52026,1.50,1.73
2013.01.31 17:11:57.761,1.51995,1.52023,1.73,1.35
2013.01.31 17:11:57.939,1.51993,1.52023,3.75,2.10
2013.01.31 17:12:00.840,1.51992,1.52021,1.50,1.35
2013.01.31 17:12:00.900,1.51992,1.52019,1.50,1.35
2013.01.31 17:12:01.039,1.51991,1.52017,1.50,1.35
2013.01.31 17:12:01.700,1.51986,1.52015,3.00,1.35
2013.01.31 17:12:01.916,1.51984,1.52014,3.00,1.73
2013.01.31 17:12:02.710,1.51984,1.52011,1.50,1.73
2013.01.31 17:12:04.683,1.51982,1.52011,2.25,1.73
2013.01.31 17:12:04.813,1.51982,1.5201,1.50,1.35
2013.01.31 17:12:05.181,1.51981,1.52011,2.25,1.35
2013.01.31 17:12:05.491,1.51983,1.52011,1.50,1.35
2013.01.31 17:12:05.610,1.51983,1.52011,1.50,1.35
2013.01.31 17:12:07.150,1.51981,1.52007,1.50,1.73
2013.01.31 17:12:07.330,1.51987,1.52011,1.73,1.50
2013.01.31 17:12:07.450,1.51987,1.52017,2.48,2.48
2013.01.31 17:12:07.509,1.51987,1.52017,1.73,3.23
2013.01.31 17:12:08.121,1.51987,1.52016,1.73,2.44
2013.01.31 17:12:08.180,1.51985,1.52014,3.23,1.84
2013.01.31 17:12:08.255,1.51985,1.52012,3.00,2.07
2013.01.31 17:12:12.200,1.51983,1.52013,1.50,4.50
2013.01.31 17:12:12.319,1.51981,1.5201,2.25,1.50
2013.01.31 17:12:12.700,1.51981,1.52009,2.25,1.73
2013.01.31 17:12:13.000,1.5198,1.5201,1.50,1.32
2013.01.31 17:12:14.950,1.5198,1.52008,2.48,1.35
2013.01.31 17:12:15.010,1.51984,1.52011,1.50,3.23
2013.01.31 17:12:17.729,1.5198,1.5201,2.48,1.35
2013.01.31 17:12:17.850,1.51979,1.52007,1.50,1.73
2013.01.31 17:12:19.809,1.51979,1.52009,1.50,1.35
2013.01.31 17:12:20.860,1.51979,1.52009,1.50,1.35
2013.01.31 17:12:21.899,1.51977,1.51988,1.73,1.13
2013.01.31 17:12:22.020,1.51972,1.51986,1.50,1.13
2013.01.31 17:12:22.139,1.51969,1.51986,2.25,1.13
2013.01.31 17:12:22.259,1.51966,1.51989,2.25,1.13
2013.01.31 17:12:22.319,1.51966,1.51994,1.50,1.03
2013.01.31 17:12:24.309,1.51968,1.51999,2.25,1.69
2013.01.31 17:12:25.151,1.5197,1.51998,2.25,2.10
2013.01.31 17:12:25.740,1.5197,1.52001,3.23,1.05
2013.01.31 17:12:26.950,1.51979,1.52003,1.50,2.10
2013.01.31 17:12:27.079,1.51979,1.52004,1.73,1.88
2013.01.31 17:12:27.139,1.51979,1.52007,1.73,1.73
2013.01.31 17:12:27.199,1.51979,1.52007,1.73,1.50
2013.01.31 17:12:27.379,1.51986,1.52012,1.73,1.73
2013.01.31 17:12:28.170,1.51986,1.52011,1.73,1.13
2013.01.31 17:12:28.750,1.51986,1.52012,1.73,1.35
2013.01.31 17:12:29.300,1.51986,1.52013,1.73,1.60
2013.01.31 17:12:29.381,1.51986,1.52013,1.73,1.60
2013.01.31 17:12:30.071,1.51986,1.52013,1.73,2.35
2013.01.31 17:12:30.672,1.51986,1.52013,1.73,2.10
2013.01.31 17:12:31.580,1.51986,1.52013,1.73,1.60
2013.01.31 17:12:33.553,1.51986,1.52014,1.73,2.72
2013.01.31 17:12:34.990,1.51986,1.52014,1.73,2.72
2013.01.31 17:12:42.733,1.51992,1.52023,1.73,3.23
2013.01.31 17:12:44.950,1.51992,1.52019,2.48,1.05
2013.01.31 17:12:45.130,1.51992,1.52023,2.48,2.93
2013.01.31 17:12:45.251,1.51992,1.52019,2.48,1.05
2013.01.31 17:12:45.372,1.51992,1.52018,1.50,1.05
2013.01.31 17:12:45.730,1.51992,1.52019,1.50,1.32
2013.01.31 17:12:51.641,1.51992,1.52018,1.50,2.48
2013.01.31 17:12:52.179,1.51989,1.52018,2.25,3.10
2013.01.31 17:12:54.219,1.51989,1.52015,1.50,1.73
2013.01.31 17:12:54.728,1.51989,1.52013,1.50,1.97
2013.01.31 17:12:55.040,1.51989,1.52013,1.50,1.22
2013.01.31 17:12:55.392,1.51989,1.52014,1.50,2.48
2013.01.31 17:12:57.549,1.51989,1.52014,1.50,2.85
2013.01.31 17:12:58.689,1.51989,1.52016,1.50,3.57
2013.01.31 17:12:59.300,1.51989,1.52015,1.50,1.73
2013.01.31 17:13:01.680,1.51989,1.52014,1.50,1.97
2013.01.31 17:13:02.429,1.51989,1.52013,1.50,1.35
2013.01.31 17:13:04.500,1.51989,1.52012,1.50,1.13
2013.01.31 17:13:04.810,1.51989,1.52012,1.50,1.50
2013.01.31 17:13:08.690,1.51989,1.52013,1.50,2.48
2013.01.31 17:13:09.234,1.51989,1.52013,1.50,2.10
2013.01.31 17:13:09.789,1.51989,1.52013,1.50,2.85
2013.01.31 17:13:10.141,1.51989,1.52012,1.50,1.50
2013.01.31 17:13:10.500,1.51989,1.52011,1.50,1.50
2013.01.31 17:13:10.840,1.51985,1.52007,1.73,1.50
2013.01.31 17:13:11.806,1.51987,1.52011,1.50,3.75
2013.01.31 17:13:11.960,1.51985,1.52009,1.73,1.50
2013.01.31 17:13:12.080,1.51982,1.52008,1.50,1.73
2013.01.31 17:13:12.616,1.51982,1.52007,1.50,1.73
2013.01.31 17:13:12.739,1.51984,1.52011,1.50,1.73
2013.01.31 17:13:15.659,1.51986,1.52013,1.50,2.48
2013.01.31 17:13:16.042,1.51986,1.52013,1.50,1.73
2013.01.31 17:13:18.130,1.51986,1.52012,1.50,1.73
2013.01.31 17:13:18.309,1.51983,1.5201,2.25,1.73
2013.01.31 17:13:30.160,1.51982,1.5201,1.50,1.73
2013.01.31 17:13:30.341,1.51981,1.52007,2.25,1.73
2013.01.31 17:13:32.210,1.51981,1.52004,1.50,1.73
2013.01.31 17:13:32.270,1.51976,1.52004,2.25,1.73
2013.01.31 17:13:32.329,1.51976,1.52004,2.25,1.73
2013.01.31 17:13:32.452,1.51976,1.52004,4.50,1.73
2013.01.31 17:13:32.900,1.51977,1.52007,1.50,1.05
2013.01.31 17:13:37.036,1.51979,1.52007,2.25,1.05
2013.01.31 17:13:38.459,1.51979,1.52009,2.48,1.39
2013.01.31 17:13:43.160,1.51982,1.52012,3.00,3.60
2013.01.31 17:13:43.699,1.51984,1.52013,1.50,2.93
2013.01.31 17:13:44.723,1.51984,1.52013,1.50,2.18
2013.01.31 17:13:45.030,1.51984,1.52013,1.50,2.93
2013.01.31 17:13:51.601,1.51987,1.52013,2.25,1.35
2013.01.31 17:13:51.660,1.51987,1.52016,3.00,2.22
2013.01.31 17:13:52.950,1.51987,1.52013,2.25,1.73
2013.01.31 17:13:53.069,1.51987,1.52015,2.25,1.84
2013.01.31 17:13:56.253,1.51987,1.52015,3.00,2.48
2013.01.31 17:13:59.111,1.51988,1.52016,1.50,1.59
2013.01.31 17:13:59.293,1.51991,1.5202,1.50,1.35
2013.01.31 17:13:59.481,1.51994,1.52021,1.50,1.35
2013.01.31 17:13:59.721,1.52004,1.52023,1.50,1.35
2013.01.31 17:13:59.780,1.52004,1.52026,2.25,1.35
2013.01.31 17:13:59.913,1.52004,1.52029,2.25,2.10
2013.01.31 17:14:00.110,1.52004,1.52028,2.25,1.73
2013.01.31 17:14:00.474,1.52004,1.52028,1.50,1.73
2013.01.31 17:14:00.781,1.52004,1.52027,1.50,1.69
2013.01.31 17:14:01.079,1.51997,1.52025,2.25,1.35
2013.01.31 17:14:04.180,1.51997,1.52024,1.50,1.73
2013.01.31 17:14:05.399,1.51994,1.5202,2.25,1.73
2013.01.31 17:14:05.911,1.51994,1.52021,1.50,1.22
2013.01.31 17:14:07.449,1.51992,1.52023,2.25,4.35
2013.01.31 17:14:08.810,1.51995,1.52022,1.50,2.35
2013.01.31 17:14:10.759,1.51994,1.52023,2.25,4.35
2013.01.31 17:14:13.600,1.51994,1.52021,1.50,1.35
2013.01.31 17:14:13.840,1.52006,1.52021,1.50,1.13
2013.01.31 17:14:14.080,1.52001,1.52026,1.50,1.50
2013.01.31 17:14:14.139,1.52001,1.52026,1.50,1.73
2013.01.31 17:14:20.979,1.51999,1.52029,3.00,2.10
2013.01.31 17:14:25.530,1.51998,1.52027,2.25,1.35
2013.01.31 17:14:25.770,1.51996,1.52022,1.50,1.32
2013.01.31 17:14:30.980,1.51994,1.52021,1.50,1.73
2013.01.31 17:14:31.558,1.51992,1.5202,1.50,1.73
2013.01.31 17:14:32.230,1.51992,1.52018,1.50,1.73
2013.01.31 17:14:32.470,1.5199,1.52018,2.48,1.73
2013.01.31 17:14:32.950,1.51997,1.52025,1.50,1.22
2013.01.31 17:14:33.010,1.51997,1.52026,1.50,1.80
2013.01.31 17:14:33.540,1.51997,1.52026,1.50,1.05
2013.01.31 17:14:34.370,1.51997,1.52026,3.00,1.73
2013.01.31 17:14:34.430,1.51997,1.52027,3.00,1.43
2013.01.31 17:14:35.222,1.52008,1.52026,1.50,1.35
2013.01.31 17:14:35.341,1.52008,1.52028,1.50,1.73
2013.01.31 17:14:35.461,1.52008,1.52032,1.50,1.73
2013.01.31 17:14:35.580,1.52008,1.52034,1.50,2.10
2013.01.31 17:14:36.126,1.52007,1.52034,2.25,3.77
2013.01.31 17:14:44.243,1.52006,1.52034,2.48,2.10
2013.01.31 17:14:44.559,1.52006,1.52034,2.82,1.73
2013.01.31 17:14:44.860,1.52009,1.52037,1.50,1.35
2013.01.31 17:14:44.921,1.52009,1.52037,1.73,1.35
2013.01.31 17:14:45.422,1.5201,1.52038,1.73,2.10
2013.01.31 17:14:47.541,1.52014,1.52041,1.50,1.35
2013.01.31 17:14:48.083,1.52014,1.52041,1.73,1.50
2013.01.31 17:14:48.872,1.52014,1.52042,1.73,1.35
2013.01.31 17:14:48.931,1.52013,1.52041,1.73,1.50
2013.01.31 17:14:49.232,1.52012,1.52039,2.25,1.73
2013.01.31 17:14:49.651,1.52012,1.5204,1.50,2.48
2013.01.31 17:14:50.303,1.52011,1.52039,1.50,1.73
2013.01.31 17:14:52.606,1.52011,1.52039,1.50,2.48
2013.01.31 17:14:52.732,1.52011,1.52037,1.50,1.38
2013.01.31 17:14:54.390,1.52006,1.52034,1.50,1.73
2013.01.31 17:14:54.900,1.52006,1.52036,1.50,1.95
2013.01.31 17:14:55.013,1.52006,1.52036,1.73,1.73
2013.01.31 17:14:56.200,1.52008,1.52038,1.73,1.90
2013.01.31 17:14:56.754,1.52008,1.52038,1.73,1.73
2013.01.31 17:14:56.942,1.52011,1.52038,1.73,1.73
2013.01.31 17:14:57.301,1.52011,1.52039,2.10,2.48
2013.01.31 17:14:57.951,1.52014,1.52043,1.50,1.73
2013.01.31 17:14:58.011,1.52018,1.52043,1.50,1.50
2013.01.31 17:14:58.191,1.52018,1.52043,1.50,1.50
2013.01.31 17:14:58.490,1.52017,1.5204,1.50,1.73
2013.01.31 17:14:59.039,1.5201,1.52041,3.60,1.35
2013.01.31 17:14:59.401,1.52015,1.52044,2.48,1.73
2013.01.31 17:14:59.531,1.52015,1.52043,2.25,2.48
2013.01.31 17:15:02.224,1.52013,1.52046,2.55,3.23
2013.01.31 17:15:02.415,1.52014,1.52044,2.55,2.48
2013.01.31 17:15:03.622,1.52014,1.52044,2.48,1.73
2013.01.31 17:15:03.741,1.52014,1.52044,2.25,1.73
2013.01.31 17:15:04.814,1.52013,1.52042,1.05,1.73
2013.01.31 17:15:05.113,1.52011,1.52042,1.05,1.73
2013.01.31 17:15:05.842,1.52013,1.52039,1.50,1.73
2013.01.31 17:15:06.091,1.52012,1.52038,1.50,1.73
2013.01.31 17:15:06.392,1.5201,1.52039,2.48,1.73
2013.01.31 17:15:06.711,1.52009,1.52042,4.73,2.85
2013.01.31 17:15:07.042,1.52022,1.52047,2.48,1.35
2013.01.31 17:15:07.101,1.52022,1.52048,2.48,2.10
2013.01.31 17:15:07.221,1.52022,1.52048,2.25,2.10
2013.01.31 17:15:09.081,1.52016,1.52045,2.25,2.10
2013.01.31 17:15:09.770,1.52016,1.52045,3.00,2.10
2013.01.31 17:15:10.951,1.52018,1.52045,1.50,1.35
2013.01.31 17:15:11.011,1.52019,1.52048,1.73,3.23
2013.01.31 17:15:11.712,1.52021,1.52048,1.41,2.25
2013.01.31 17:15:14.951,1.52021,1.52048,1.41,2.25
2013.01.31 17:15:15.071,1.52018,1.52048,2.48,2.25
2013.01.31 17:15:15.192,1.52024,1.52048,1.54,2.25
2013.01.31 17:15:15.251,1.52024,1.52051,1.54,1.88
2013.01.31 17:15:15.931,1.52027,1.5205,1.73,1.13
2013.01.31 17:15:16.051,1.52028,1.5205,1.20,1.13
2013.01.31 17:15:16.291,1.52025,1.52053,2.18,2.61
2013.01.31 17:15:18.902,1.52029,1.52053,1.59,1.50
2013.01.31 17:15:19.261,1.52034,1.52058,1.61,1.50
2013.01.31 17:15:19.321,1.52034,1.52058,1.61,3.00
2013.01.31 17:15:19.852,1.52034,1.52061,1.61,1.50
2013.01.31 17:15:20.368,1.52034,1.52061,1.61,1.50
2013.01.31 17:15:25.112,1.52034,1.52061,1.61,2.25
2013.01.31 17:15:25.234,1.52032,1.52058,1.61,1.50
2013.01.31 17:15:25.302,1.5203,1.52057,3.98,1.50
2013.01.31 17:15:27.331,1.52026,1.52058,1.27,2.25
2013.01.31 17:15:27.832,1.52026,1.52055,1.27,1.50
2013.01.31 17:15:28.341,1.52026,1.52054,1.27,1.50
2013.01.31 17:15:28.581,1.52023,1.52052,1.73,3.00
2013.01.31 17:15:30.514,1.52022,1.52051,2.48,2.25
2013.01.31 17:15:31.157,1.52022,1.52049,1.73,1.50
2013.01.31 17:15:34.922,1.52019,1.52048,2.10,1.50
2013.01.31 17:15:35.453,1.52019,1.52049,2.85,1.50
2013.01.31 17:15:36.241,1.52025,1.52053,1.73,1.73
2013.01.31 17:15:36.301,1.52025,1.52053,1.73,1.50
2013.01.31 17:15:36.361,1.52025,1.52053,1.73,1.50
2013.01.31 17:15:36.877,1.52025,1.52054,1.73,3.74
2013.01.31 17:15:37.801,1.52025,1.52053,1.73,2.63
2013.01.31 17:15:39.883,1.52025,1.52052,1.73,2.24
2013.01.31 17:15:41.192,1.52025,1.52053,1.73,1.49
2013.01.31 17:15:41.933,1.52025,1.52053,1.73,2.24
2013.01.31 17:15:42.896,1.52025,1.52053,1.73,1.88
2013.01.31 17:15:43.083,1.52028,1.52053,1.47,1.13
2013.01.31 17:15:43.201,1.52027,1.52053,1.73,1.13
2013.01.31 17:15:43.743,1.52027,1.52053,1.73,1.88
2013.01.31 17:15:43.862,1.52027,1.52053,1.73,4.13
2013.01.31 17:15:45.944,1.52029,1.52052,1.73,1.13
2013.01.31 17:15:46.281,1.52029,1.52052,2.31,2.63
2013.01.31 17:15:46.642,1.52034,1.52055,1.25,2.25
2013.01.31 17:15:47.062,1.52034,1.52058,1.25,1.50
2013.01.31 17:15:47.811,1.52033,1.52059,2.00,2.63
2013.01.31 17:15:48.051,1.52031,1.52059,2.37,2.63
2013.01.31 17:15:50.841,1.52035,1.52061,1.73,1.50
2013.01.31 17:15:54.674,1.52032,1.52058,1.73,2.25
2013.01.31 17:15:54.732,1.52032,1.52058,1.73,2.25
2013.01.31 17:15:54.853,1.52031,1.52058,1.73,2.63
2013.01.31 17:15:54.924,1.52034,1.52057,1.73,1.13
2013.01.31 17:15:55.172,1.52034,1.52054,1.73,1.13
2013.01.31 17:15:55.662,1.52034,1.52054,1.73,2.22
2013.01.31 17:15:55.783,1.52032,1.5205,1.50,1.50
2013.01.31 17:15:55.964,1.52032,1.52049,1.73,1.50
2013.01.31 17:15:56.033,1.52032,1.52054,1.73,3.36
2013.01.31 17:15:58.162,1.52031,1.52055,1.73,1.49
2013.01.31 17:15:58.222,1.52031,1.52058,1.73,1.13
2013.01.31 17:15:58.404,1.52035,1.52058,1.73,1.13
2013.01.31 17:15:58.531,1.52035,1.52056,1.73,1.50
2013.01.31 17:15:59.122,1.52033,1.52058,1.47,2.25
2013.01.31 17:16:00.400,1.52034,1.52058,1.56,1.13
2013.01.31 17:16:01.852,1.52032,1.52058,1.73,1.13
2013.01.31 17:16:01.973,1.52032,1.52058,1.73,1.13
2013.01.31 17:16:02.332,1.52032,1.52056,1.41,1.50
2013.01.31 17:16:03.820,1.52037,1.52064,1.73,1.50
2013.01.31 17:16:04.954,1.52037,1.52064,1.73,1.50
2013.01.31 17:16:05.423,1.52034,1.52058,1.73,1.50
2013.01.31 17:16:05.855,1.52036,1.52058,1.36,1.50
2013.01.31 17:16:06.161,1.52034,1.52052,1.36,1.50
2013.01.31 17:16:06.223,1.52032,1.52052,1.73,1.50
2013.01.31 17:16:06.416,1.52034,1.52055,1.73,1.50
2013.01.31 17:16:06.544,1.52034,1.52055,1.73,1.50
2013.01.31 17:16:06.672,1.52033,1.52051,1.27,1.50
2013.01.31 17:16:06.912,1.52029,1.52051,1.47,1.50
2013.01.31 17:16:10.831,1.52027,1.52054,1.73,1.88
2013.01.31 17:16:10.952,1.52027,1.52053,1.73,1.50
2013.01.31 17:16:11.501,1.52025,1.52053,1.73,1.50
2013.01.31 17:16:12.040,1.52023,1.5205,3.98,1.09
2013.01.31 17:16:12.162,1.52023,1.5205,3.98,1.09
2013.01.31 17:16:12.582,1.52028,1.52056,2.48,1.75
2013.01.31 17:16:12.701,1.52028,1.52056,2.48,1.75
2013.01.31 17:16:14.672,1.52028,1.52056,2.48,1.75
2013.01.31 17:16:14.731,1.52028,1.52056,1.73,1.75
2013.01.31 17:16:15.473,1.52023,1.52053,2.48,1.69
2013.01.31 17:16:15.842,1.52024,1.52053,1.73,1.50
2013.01.31 17:16:15.902,1.52024,1.5205,1.73,1.50
2013.01.31 17:16:16.261,1.52023,1.52048,1.73,1.50
2013.01.31 17:16:16.540,1.52023,1.52049,1.73,1.50
2013.01.31 17:16:17.102,1.52027,1.52054,1.50,3.57
2013.01.31 17:16:20.627,1.52027,1.52053,1.50,1.35
2013.01.31 17:16:23.362,1.52027,1.52053,1.50,1.35
2013.01.31 17:16:23.542,1.52029,1.52053,1.73,1.50
2013.01.31 17:16:24.701,1.52032,1.52055,1.50,3.94
2013.01.31 17:16:25.331,1.52032,1.52056,1.73,2.63
2013.01.31 17:16:26.131,1.52032,1.52056,1.73,2.63
2013.01.31 17:16:28.221,1.52033,1.52057,1.73,1.50
2013.01.31 17:16:29.384,1.52033,1.52054,1.73,1.13
2013.01.31 17:16:29.861,1.52033,1.52054,1.73,1.13
2013.01.31 17:16:29.982,1.52033,1.52059,1.73,2.42
2013.01.31 17:16:30.106,1.52033,1.52062,1.73,1.32
2013.01.31 17:16:30.354,1.52033,1.52062,1.50,1.32
2013.01.31 17:16:30.745,1.52037,1.52062,1.50,1.32
2013.01.31 17:16:31.298,1.52037,1.52062,1.73,1.09
2013.01.31 17:16:32.734,1.52035,1.52062,1.73,1.09
2013.01.31 17:16:36.142,1.52037,1.52062,1.73,1.09
2013.01.31 17:16:36.691,1.52037,1.52065,1.73,1.13
2013.01.31 17:16:39.492,1.52037,1.52062,1.73,1.84
2013.01.31 17:16:39.843,1.52037,1.52061,1.73,2.25
2013.01.31 17:16:39.905,1.52037,1.52061,1.73,2.25
2013.01.31 17:16:39.972,1.52031,1.52059,2.48,1.50
2013.01.31 17:16:40.441,1.52038,1.52061,1.73,2.25
2013.01.31 17:16:40.971,1.52038,1.52061,1.73,2.25
2013.01.31 17:16:41.571,1.52038,1.52061,1.73,2.25
2013.01.31 17:16:42.949,1.52038,1.52059,1.73,1.13
2013.01.31 17:16:44.741,1.52037,1.5206,1.73,1.50
2013.01.31 17:16:45.244,1.52033,1.5206,1.73,1.35
2013.01.31 17:16:45.777,1.52033,1.52059,1.73,1.50
2013.01.31 17:16:46.282,1.5203,1.52059,1.73,1.73
2013.01.31 17:16:48.876,1.52029,1.52055,1.73,1.32
2013.01.31 17:16:54.651,1.52027,1.52052,1.73,1.47
2013.01.31 17:16:55.955,1.52037,1.52048,1.50,1.13
2013.01.31 17:16:56.023,1.52037,1.52055,1.50,1.60
2013.01.31 17:16:56.201,1.52031,1.52055,1.73,1.88
2013.01.31 17:16:56.261,1.52031,1.52055,1.73,2.24
2013.01.31 17:16:56.953,1.52031,1.52054,1.73,1.13
2013.01.31 17:16:58.702,1.52036,1.52054,1.73,1.49
2013.01.31 17:16:59.012,1.52036,1.52055,1.73,1.13
2013.01.31 17:16:59.594,1.52036,1.52058,1.73,1.13
2013.01.31 17:17:00.251,1.52036,1.52058,1.73,1.49
2013.01.31 17:17:00.891,1.52036,1.52056,1.73,1.50
2013.01.31 17:17:02.054,1.52036,1.52055,1.73,1.50
2013.01.31 17:17:03.551,1.52032,1.52055,1.73,1.50
2013.01.31 17:17:04.182,1.52032,1.52055,1.73,1.50
2013.01.31 17:17:06.081,1.52027,1.52055,1.73,1.50
2013.01.31 17:17:06.201,1.52028,1.52055,1.23,1.50
2013.01.31 17:17:06.441,1.52028,1.52055,1.35,1.50
2013.01.31 17:17:07.016,1.52028,1.52056,1.35,2.25
2013.01.31 17:17:08.091,1.52028,1.52056,1.35,1.50
2013.01.31 17:17:08.613,1.52028,1.52056,1.35,1.50
2013.01.31 17:17:09.371,1.52031,1.52055,1.14,1.50
2013.01.31 17:17:09.741,1.52032,1.52054,1.35,1.11
2013.01.31 17:17:10.291,1.52032,1.52054,1.35,1.11
2013.01.31 17:17:11.069,1.52032,1.52055,1.35,1.49
2013.01.31 17:17:12.352,1.52032,1.52054,1.35,2.24
2013.01.31 17:17:12.941,1.52032,1.52054,1.35,2.24
2013.01.31 17:17:13.291,1.52032,1.52055,2.25,1.49
2013.01.31 17:17:15.722,1.52032,1.52054,1.50,2.24
2013.01.31 17:17:15.841,1.5203,1.52054,1.73,2.99
2013.01.31 17:17:21.531,1.5203,1.52053,1.73,1.13
2013.01.31 17:17:22.051,1.5203,1.52054,1.73,2.61
2013.01.31 17:17:24.122,1.52031,1.52054,1.59,2.61
2013.01.31 17:17:24.182,1.52034,1.52054,1.59,1.11
2013.01.31 17:17:24.482,1.52037,1.52061,1.50,2.25
2013.01.31 17:17:25.026,1.52032,1.52057,1.73,2.25
2013.01.31 17:17:25.091,1.52031,1.52061,2.48,2.63
2013.01.31 17:17:27.001,1.52038,1.5206,1.73,1.88
2013.01.31 17:17:27.302,1.52044,1.5206,1.73,1.13
2013.01.31 17:17:27.481,1.52044,1.52067,1.73,1.20
2013.01.31 17:17:28.861,1.52044,1.52068,1.73,1.58
2013.01.31 17:17:29.842,1.52044,1.52067,1.73,1.13
2013.01.31 17:17:32.502,1.52044,1.52065,1.73,2.63
2013.01.31 17:17:32.824,1.52044,1.52062,1.73,1.88
2013.01.31 17:17:34.103,1.52044,1.52065,2.16,1.88
2013.01.31 17:17:34.236,1.52041,1.52065,1.73,1.88
2013.01.31 17:17:34.363,1.52041,1.52065,1.73,1.88
2013.01.31 17:17:34.482,1.52041,1.52065,1.73,1.88
2013.01.31 17:17:34.782,1.52038,1.52064,1.73,1.88
2013.01.31 17:17:35.085,1.52038,1.52063,1.73,1.50
2013.01.31 17:17:35.512,1.52043,1.52063,1.73,1.50
2013.01.31 17:17:36.170,1.52042,1.52066,1.73,2.12
2013.01.31 17:17:37.222,1.5204,1.52063,1.20,2.25
2013.01.31 17:17:37.341,1.52038,1.52063,1.73,2.25
2013.01.31 17:17:38.611,1.52038,1.52066,1.73,1.75
2013.01.31 17:17:40.322,1.52036,1.52063,2.10,1.50
2013.01.31 17:17:40.807,1.52036,1.52061,2.10,1.13
2013.01.31 17:17:41.122,1.52036,1.52064,2.10,1.50
2013.01.31 17:17:42.021,1.52041,1.52064,1.73,1.88
2013.01.31 17:17:42.081,1.52041,1.52064,2.13,1.88
2013.01.31 17:17:42.178,1.52041,1.52064,1.73,1.88
2013.01.31 17:17:42.245,1.52041,1.52064,1.73,1.88
2013.01.31 17:17:42.772,1.52041,1.5206,1.73,1.13
2013.01.31 17:17:43.221,1.52041,1.5206,1.73,1.88
2013.01.31 17:17:43.753,1.52041,1.5206,1.73,1.50
2013.01.31 17:17:44.871,1.52041,1.5206,1.73,1.50
2013.01.31 17:17:45.402,1.52041,1.5206,1.73,2.25
2013.01.31 17:17:45.932,1.52037,1.5206,1.73,3.00
2013.01.31 17:17:46.251,1.52033,1.52059,2.48,1.50
2013.01.31 17:17:46.432,1.52036,1.52059,1.73,5.25
2013.01.31 17:17:46.671,1.52032,1.52059,1.73,1.50
2013.01.31 17:17:47.441,1.52032,1.52058,1.73,1.50
2013.01.31 17:17:47.993,1.52032,1.52058,1.73,3.75
2013.01.31 17:17:48.867,1.52032,1.52058,1.73,2.25
2013.01.31 17:17:48.933,1.52031,1.52053,1.35,1.50
2013.01.31 17:17:51.751,1.52031,1.52054,2.10,1.50
2013.01.31 17:17:52.051,1.52031,1.52057,2.10,1.86
2013.01.31 17:17:52.722,1.52031,1.52057,2.10,1.86
2013.01.31 17:17:53.332,1.52029,1.52053,1.35,1.50
2013.01.31 17:17:56.033,1.52029,1.52052,1.35,1.50
2013.01.31 17:17:57.521,1.52026,1.52052,1.73,1.50
2013.01.31 17:17:58.069,1.52025,1.52051,1.73,1.50
2013.01.31 17:17:59.626,1.52024,1.52051,1.35,3.00
2013.01.31 17:18:00.909,1.52025,1.52051,2.16,3.00
2013.01.31 17:18:01.691,1.52029,1.52051,1.73,2.25
2013.01.31 17:18:01.811,1.52031,1.52051,1.54,1.50
2013.01.31 17:18:01.930,1.52031,1.52054,1.54,1.13
2013.01.31 17:18:07.862,1.52031,1.52054,1.54,2.63
2013.01.31 17:18:10.164,1.52029,1.52054,1.73,2.63
2013.01.31 17:18:11.041,1.52029,1.5205,1.73,1.50
2013.01.31 17:18:12.590,1.52029,1.5205,1.73,1.50
2013.01.31 17:18:12.802,1.52029,1.5205,1.73,1.50
2013.01.31 17:18:12.932,1.52029,1.52052,1.73,2.25
2013.01.31 17:18:13.961,1.52029,1.52055,1.73,4.50
2013.01.31 17:18:15.663,1.52029,1.52055,1.73,4.50
2013.01.31 17:18:18.591,1.52029,1.52054,1.73,2.25
2013.01.31 17:18:18.852,1.52025,1.52053,2.10,1.50
2013.01.31 17:18:18.912,1.52025,1.5205,1.73,2.25
2013.01.31 17:18:18.972,1.52025,1.5205,1.73,3.00
2013.01.31 17:18:19.512,1.52025,1.52049,3.23,1.88
2013.01.31 17:18:22.858,1.52025,1.52044,3.00,2.70
2013.01.31 17:18:22.983,1.52026,1.52043,2.25,2.25
2013.01.31 17:18:23.461,1.52021,1.5204,1.73,1.50
2013.01.31 17:18:23.581,1.52021,1.5204,1.50,1.50
2013.01.31 17:18:24.086,1.52017,1.52041,1.73,2.25
2013.01.31 17:18:24.151,1.52017,1.52041,2.48,1.50
2013.01.31 17:18:24.461,1.52019,1.5204,1.73,2.25
2013.01.31 17:18:26.402,1.52017,1.52042,2.48,3.19
2013.01.31 17:18:26.461,1.52017,1.52042,2.48,2.44
2013.01.31 17:18:26.521,1.52017,1.52042,2.48,2.44
2013.01.31 17:18:27.117,1.52018,1.52041,2.48,1.50
2013.01.31 17:18:29.654,1.52022,1.52042,1.73,1.50
2013.01.31 17:18:29.782,1.5203,1.5205,2.25,1.50
2013.01.31 17:18:29.841,1.5203,1.52052,2.48,2.25
2013.01.31 17:18:29.963,1.52029,1.52052,2.25,1.73
2013.01.31 17:18:32.033,1.52029,1.5205,2.25,1.50
2013.01.31 17:18:39.452,1.52029,1.52048,2.48,1.50
2013.01.31 17:18:42.410,1.52028,1.5205,2.48,1.50
2013.01.31 17:18:44.993,1.52025,1.52046,3.23,1.50
2013.01.31 17:18:45.247,1.52025,1.52045,2.48,1.50
2013.01.31 17:18:45.494,1.52022,1.52045,2.48,2.25
2013.01.31 17:18:45.817,1.52022,1.52045,2.48,2.25
2013.01.31 17:18:45.973,1.52022,1.52045,2.48,1.50
2013.01.31 17:18:47.671,1.52022,1.52043,1.73,1.50
2013.01.31 17:18:47.791,1.52019,1.52042,1.73,3.75
2013.01.31 17:18:47.911,1.52017,1.5204,1.73,2.25
2013.01.31 17:18:48.031,1.52015,1.52038,1.73,1.50
2013.01.31 17:18:48.211,1.52015,1.5204,1.50,3.53
2013.01.31 17:18:49.282,1.52015,1.5204,1.50,1.84
2013.01.31 17:18:49.462,1.52012,1.52038,2.48,1.50
2013.01.31 17:18:50.008,1.52023,1.52042,1.73,1.50
2013.01.31 17:18:50.311,1.52027,1.52053,1.50,1.73
2013.01.31 17:18:50.432,1.52028,1.52049,2.25,2.25
2013.01.31 17:18:50.552,1.52026,1.52049,3.00,2.48
2013.01.31 17:18:50.791,1.52029,1.5205,2.25,1.50
2013.01.31 17:18:51.713,1.5203,1.52052,2.25,1.59
2013.01.31 17:18:53.082,1.52028,1.52052,2.25,3.09
2013.01.31 17:18:53.202,1.52028,1.52052,2.25,2.48
2013.01.31 17:18:55.901,1.52031,1.52057,2.25,2.85
2013.01.31 17:18:55.961,1.52031,1.52057,2.25,1.35
2013.01.31 17:18:58.152,1.52034,1.52057,2.25,1.13
2013.01.31 17:18:58.272,1.52035,1.52061,1.88,2.48
2013.01.31 17:19:01.372,1.52037,1.52062,2.25,2.48
2013.01.31 17:19:01.434,1.52038,1.52061,2.25,3.23
2013.01.31 17:19:01.673,1.52036,1.52061,1.50,2.48
2013.01.31 17:19:01.732,1.52036,1.52061,1.50,2.48
2013.01.31 17:19:01.921,1.52037,1.52061,2.25,3.23
2013.01.31 17:19:01.981,1.52037,1.52061,2.25,3.23
2013.01.31 17:19:07.881,1.52036,1.52059,2.25,2.85
2013.01.31 17:19:08.011,1.52036,1.52059,2.25,3.17
2013.01.31 17:19:08.522,1.52027,1.52051,2.25,1.73
2013.01.31 17:19:08.772,1.52027,1.52051,2.25,1.73
2013.01.31 17:19:08.892,1.52026,1.5205,2.25,1.73
2013.01.31 17:19:09.132,1.52023,1.52045,1.13,1.73
2013.01.31 17:19:09.671,1.52024,1.52043,1.73,1.50
2013.01.31 17:19:10.465,1.52024,1.52047,1.73,1.50
2013.01.31 17:19:13.231,1.52021,1.52047,1.73,2.25
2013.01.31 17:19:13.816,1.52023,1.52045,1.73,1.50
2013.01.31 17:19:18.111,1.52023,1.52046,1.73,2.25
2013.01.31 17:19:20.386,1.52023,1.52045,1.73,1.50
2013.01.31 17:19:20.452,1.52023,1.52045,1.73,1.50
2013.01.31 17:19:20.511,1.52023,1.52045,1.73,1.50
2013.01.31 17:19:20.812,1.52024,1.52045,1.35,2.25
2013.01.31 17:19:21.337,1.52026,1.52045,1.73,1.50
2013.01.31 17:19:21.461,1.52024,1.52045,2.10,1.50
2013.01.31 17:19:21.981,1.52024,1.52046,1.35,1.50
2013.01.31 17:19:22.886,1.52024,1.52048,1.35,1.50
2013.01.31 17:19:22.994,1.52024,1.52047,1.35,1.50
2013.01.31 17:19:27.381,1.52024,1.52048,1.35,2.63
2013.01.31 17:19:28.141,1.52024,1.52047,1.35,1.50
2013.01.31 17:19:28.464,1.52025,1.52047,1.73,1.50
2013.01.31 17:19:29.088,1.52025,1.52048,1.73,1.50
2013.01.31 17:19:30.663,1.52025,1.52049,1.73,1.50
2013.01.31 17:19:33.381,1.52025,1.52049,1.73,1.50
2013.01.31 17:19:33.801,1.52025,1.52049,1.35,1.50
2013.01.31 17:19:33.862,1.52024,1.52049,2.10,1.50
2013.01.31 17:19:33.981,1.52026,1.52051,1.73,3.00
2013.01.31 17:19:36.232,1.5203,1.52051,1.73,1.50
2013.01.31 17:19:36.471,1.52026,1.5205,1.35,2.25
2013.01.31 17:19:37.062,1.52026,1.52049,1.35,1.50
2013.01.31 17:19:42.951,1.52026,1.52052,2.10,2.25
2013.01.31 17:19:43.696,1.52026,1.52052,1.35,2.25
2013.01.31 17:19:44.004,1.52026,1.52047,1.35,1.50
2013.01.31 17:19:44.122,1.52026,1.52046,1.13,1.50
2013.01.31 17:19:44.423,1.52021,1.52046,1.73,1.13
2013.01.31 17:19:44.543,1.52021,1.52046,1.50,1.35
2013.01.31 17:19:44.722,1.52021,1.52046,2.25,3.60
2013.01.31 17:19:44.841,1.52021,1.52047,1.50,2.85
2013.01.31 17:19:45.142,1.52024,1.52046,1.50,1.13
2013.01.31 17:19:45.321,1.52024,1.52046,1.50,1.13
2013.01.31 17:19:45.634,1.52024,1.52046,1.50,1.13
2013.01.31 17:19:48.993,1.52022,1.52046,1.50,1.35
2013.01.31 17:19:49.061,1.52022,1.52046,1.50,1.35
2013.01.31 17:19:49.242,1.52022,1.52046,1.50,1.35
2013.01.31 17:19:51.182,1.52024,1.52046,1.50,1.13
2013.01.31 17:19:51.482,1.52022,1.52046,1.73,1.13
2013.01.31 17:19:51.721,1.52028,1.52052,1.73,2.25
2013.01.31 17:19:52.231,1.52031,1.52053,1.50,2.25
2013.01.31 17:19:55.272,1.52031,1.52057,1.50,4.50
2013.01.31 17:19:55.855,1.52031,1.52057,1.50,4.50
2013.01.31 17:19:56.101,1.52033,1.52057,1.73,4.50
2013.01.31 17:19:56.687,1.52033,1.52057,1.73,2.25
2013.01.31 17:20:15.902,1.52033,1.52057,1.73,2.25
2013.01.31 17:20:20.623,1.52033,1.52058,1.73,3.75
2013.01.31 17:20:20.742,1.52031,1.52058,1.73,3.75
2013.01.31 17:20:20.861,1.52031,1.52057,3.60,1.73
2013.01.31 17:20:20.921,1.52031,1.52057,3.60,1.73
2013.01.31 17:20:21.232,1.52038,1.52058,1.73,1.50
2013.01.31 17:20:21.292,1.52038,1.52064,1.73,1.50
2013.01.31 17:20:21.421,1.52034,1.52059,1.35,1.50
2013.01.31 17:20:21.601,1.52033,1.52058,1.73,1.50
2013.01.31 17:20:21.662,1.52033,1.52061,1.73,2.25
2013.01.31 17:20:21.730,1.52033,1.52061,1.73,3.00
2013.01.31 17:20:22.603,1.52032,1.5206,3.23,2.25
2013.01.31 17:20:23.081,1.52038,1.52059,1.50,2.25
2013.01.31 17:20:23.600,1.52037,1.52063,1.50,1.73
2013.01.31 17:20:27.142,1.52042,1.52063,1.13,2.48
2013.01.31 17:20:27.261,1.52047,1.52067,1.50,1.73
2013.01.31 17:20:27.322,1.52047,1.52067,1.50,1.50
2013.01.31 17:20:27.823,1.52045,1.52074,2.25,3.23
2013.01.31 17:20:28.123,1.52045,1.52068,1.50,1.73
2013.01.31 17:20:28.313,1.52045,1.52072,2.25,1.73
2013.01.31 17:20:30.693,1.52042,1.52067,1.13,1.73
2013.01.31 17:20:30.872,1.52033,1.52061,1.73,1.50
2013.01.31 17:20:31.172,1.52033,1.52061,2.48,1.73
2013.01.31 17:20:31.844,1.52033,1.52062,1.73,1.73
2013.01.31 17:20:32.092,1.5204,1.52065,1.73,1.50
2013.01.31 17:20:35.472,1.5204,1.52065,1.73,1.50
2013.01.31 17:20:35.785,1.5204,1.52066,1.73,2.25
2013.01.31 17:20:35.853,1.5204,1.52066,1.73,2.25
2013.01.31 17:20:35.913,1.5204,1.52066,1.73,2.25
2013.01.31 17:20:36.727,1.5204,1.52065,1.73,1.50
2013.01.31 17:20:37.092,1.52039,1.52065,1.73,1.50
2013.01.31 17:20:41.326,1.52039,1.52066,1.73,2.25
2013.01.31 17:20:44.143,1.52037,1.52064,1.73,3.75
2013.01.31 17:20:44.514,1.52035,1.5206,1.73,1.50
2013.01.31 17:20:45.011,1.52031,1.5206,1.13,4.73
2013.01.31 17:20:45.072,1.52031,1.52058,1.13,2.10
2013.01.31 17:20:46.107,1.52031,1.52056,1.13,2.48
2013.01.31 17:20:47.292,1.52031,1.52056,1.13,2.48
2013.01.31 17:20:47.913,1.52025,1.52056,1.35,2.48
2013.01.31 17:20:50.264,1.52027,1.52055,1.73,2.48
2013.01.31 17:20:53.773,1.52027,1.52057,2.48,1.73
2013.01.31 17:20:54.393,1.52027,1.52053,2.25,1.73
2013.01.31 17:20:54.902,1.52026,1.52051,2.25,1.50
2013.01.31 17:20:59.632,1.52025,1.52052,2.10,1.97
2013.01.31 17:21:00.171,1.52028,1.52053,1.73,3.00
2013.01.31 17:21:00.752,1.52029,1.52054,1.73,3.00
2013.01.31 17:21:01.084,1.52029,1.52053,1.73,3.38
2013.01.31 17:21:01.391,1.52023,1.52046,2.48,1.50
2013.01.31 17:21:03.412,1.52019,1.52047,1.13,1.73
2013.01.31 17:21:03.913,1.52019,1.52047,2.85,1.50
2013.01.31 17:21:04.281,1.52025,1.52052,1.50,1.73
2013.01.31 17:21:04.341,1.52025,1.52052,1.73,1.50
2013.01.31 17:21:12.681,1.52026,1.52054,2.48,1.73
2013.01.31 17:21:12.742,1.52026,1.52054,2.48,1.50
2013.01.31 17:21:13.243,1.52027,1.52057,1.73,1.50
2013.01.31 17:21:14.240,1.52027,1.52057,2.48,1.13
2013.01.31 17:21:14.571,1.52028,1.52057,2.48,1.13
2013.01.31 17:21:16.822,1.52028,1.52057,2.48,1.13
2013.01.31 17:21:17.422,1.52028,1.52057,2.48,1.13
2013.01.31 17:21:18.362,1.52028,1.52057,2.48,1.13
2013.01.31 17:21:18.422,1.52028,1.52055,2.48,3.30
2013.01.31 17:21:18.602,1.52024,1.52051,1.35,1.50
2013.01.31 17:21:18.781,1.52024,1.52054,1.35,1.13
2013.01.31 17:21:21.931,1.52024,1.52051,1.73,1.50
2013.01.31 17:21:21.991,1.52024,1.52048,1.73,1.50
2013.01.31 17:21:23.255,1.5202,1.52047,2.85,1.50
2013.01.31 17:21:24.761,1.5202,1.52047,2.10,1.50
2013.01.31 17:21:25.572,1.5202,1.52046,1.35,1.13
2013.01.31 17:21:25.921,1.52022,1.52046,1.73,1.50
2013.01.31 17:21:27.984,1.52026,1.52045,1.50,1.13
2013.01.31 17:21:28.294,1.52025,1.52053,2.48,1.13
2013.01.31 17:21:28.416,1.52025,1.52052,2.48,1.13
2013.01.31 17:21:28.542,1.52026,1.52052,2.48,1.50
2013.01.31 17:21:28.853,1.52026,1.52052,2.48,1.50
2013.01.31 17:21:29.396,1.52026,1.52052,2.48,1.50
2013.01.31 17:21:29.905,1.52026,1.52052,2.48,1.50
2013.01.31 17:21:30.853,1.52029,1.52052,1.73,1.50
2013.01.31 17:21:30.913,1.52029,1.52052,1.73,1.50
2013.01.31 17:21:31.153,1.52028,1.52052,1.73,1.88
2013.01.31 17:21:31.673,1.52029,1.52051,1.73,1.13
2013.01.31 17:21:32.206,1.52029,1.52051,1.73,4.65
2013.01.31 17:21:32.572,1.5202,1.52047,1.35,1.13
2013.01.31 17:21:32.693,1.52021,1.52046,1.73,1.13
2013.01.31 17:21:32.813,1.52021,1.52045,1.73,1.13
2013.01.31 17:21:32.934,1.52021,1.52045,1.73,1.13
2013.01.31 17:21:33.274,1.52021,1.5205,1.73,2.10
2013.01.31 17:21:33.414,1.52021,1.52045,1.73,1.13
2013.01.31 17:21:34.072,1.52021,1.52046,1.73,1.13
2013.01.31 17:21:34.144,1.52021,1.52046,1.73,1.13
2013.01.31 17:21:38.159,1.52026,1.5205,1.13,1.35
2013.01.31 17:21:38.746,1.52026,1.52053,2.10,1.13
2013.01.31 17:21:38.811,1.52026,1.52053,2.10,1.13
2013.01.31 17:21:41.903,1.52026,1.52054,1.35,2.33
2013.01.31 17:21:43.092,1.52026,1.52054,1.35,1.50
2013.01.31 17:21:43.452,1.52026,1.52054,1.35,1.88
2013.01.31 17:21:43.775,1.52026,1.52054,1.35,1.88
2013.01.31 17:21:43.972,1.52026,1.52054,1.35,1.88
2013.01.31 17:21:44.092,1.52026,1.52054,1.35,2.63
2013.01.31 17:21:46.971,1.52026,1.52052,1.35,1.13
2013.01.31 17:21:47.491,1.52026,1.52052,1.35,1.13
2013.01.31 17:21:48.086,1.52026,1.52054,2.10,2.63
2013.01.31 17:21:48.157,1.52026,1.52056,2.85,1.35
2013.01.31 17:21:48.801,1.52026,1.52056,2.85,2.10
2013.01.31 17:21:49.601,1.5203,1.52056,1.73,1.35
2013.01.31 17:21:49.851,1.52029,1.52056,1.73,1.35
2013.01.31 17:21:50.133,1.52029,1.52056,1.73,1.35
2013.01.31 17:21:50.694,1.52028,1.52056,2.48,1.73
2013.01.31 17:21:51.263,1.52026,1.52056,2.10,1.35
2013.01.31 17:21:51.792,1.52026,1.52056,2.10,1.35
2013.01.31 17:21:53.012,1.52026,1.52056,2.10,1.73
2013.01.31 17:21:53.552,1.52026,1.52055,2.10,1.13
2013.01.31 17:21:54.132,1.52026,1.52056,2.10,1.35
2013.01.31 17:21:54.738,1.52026,1.52055,2.10,1.13
2013.01.31 17:21:55.242,1.52027,1.52056,1.73,1.35
2013.01.31 17:21:55.832,1.52026,1.52056,2.10,1.35
2013.01.31 17:21:56.344,1.52026,1.52056,2.85,1.35
2013.01.31 17:21:56.783,1.52026,1.52056,2.10,1.35
2013.01.31 17:21:56.841,1.52026,1.52054,2.10,1.50
2013.01.31 17:21:57.371,1.52026,1.52054,2.10,1.88
2013.01.31 17:21:57.743,1.52027,1.52056,1.73,1.35
2013.01.31 17:21:58.262,1.52026,1.52055,2.10,2.25
2013.01.31 17:21:58.442,1.52026,1.52055,2.10,2.25
2013.01.31 17:21:59.262,1.52026,1.52055,2.10,2.25
2013.01.31 17:21:59.385,1.52026,1.52055,2.10,1.88
2013.01.31 17:21:59.862,1.52026,1.52053,2.10,1.13
2013.01.31 17:22:00.055,1.52026,1.52053,2.10,1.13
2013.01.31 17:22:00.614,1.52026,1.52052,1.13,1.35
2013.01.31 17:22:02.992,1.52026,1.52052,1.13,1.35
2013.01.31 17:22:07.443,1.52026,1.52053,1.13,2.10
2013.01.31 17:22:10.011,1.52024,1.52053,1.73,1.73
2013.01.31 17:22:17.973,1.52024,1.52053,1.73,1.73
2013.01.31 17:22:44.241,1.52025,1.52054,1.50,1.73
2013.01.31 17:22:49.827,1.52022,1.52049,1.35,2.33
2013.01.31 17:22:50.012,1.52019,1.5204,1.50,1.50
2013.01.31 17:22:50.072,1.52018,1.5204,1.35,1.73
2013.01.31 17:22:52.932,1.52014,1.5204,1.73,1.73
2013.01.31 17:22:53.766,1.52014,1.52039,1.73,1.73
2013.01.31 17:22:54.652,1.52013,1.5204,1.73,1.73
2013.01.31 17:22:54.712,1.52013,1.5204,1.73,1.73
2013.01.31 17:22:54.864,1.52013,1.5204,1.73,1.73
2013.01.31 17:22:55.422,1.52011,1.52041,2.48,1.73
2013.01.31 17:22:55.484,1.52011,1.52041,2.48,1.73
2013.01.31 17:22:56.042,1.52012,1.5204,3.23,1.73
2013.01.31 17:22:56.102,1.52012,1.5204,3.23,1.73
2013.01.31 17:22:56.193,1.52012,1.5204,3.23,1.73
2013.01.31 17:23:02.813,1.52012,1.5204,3.98,1.73
2013.01.31 17:23:03.002,1.52012,1.52039,3.23,1.73
2013.01.31 17:23:03.122,1.52012,1.5204,3.23,1.73
2013.01.31 17:23:03.993,1.52012,1.5204,3.23,1.73
2013.01.31 17:23:24.263,1.52009,1.52041,5.10,1.73
2013.01.31 17:23:24.323,1.52009,1.52039,5.10,1.73
2013.01.31 17:23:24.481,1.52009,1.52039,5.10,1.73
2013.01.31 17:23:24.602,1.52009,1.52041,5.48,1.73
2013.01.31 17:23:26.552,1.52009,1.52041,5.10,1.73
2013.01.31 17:23:33.814,1.5201,1.5204,2.48,2.73
2013.01.31 17:23:34.003,1.5201,1.52037,1.35,1.73
2013.01.31 17:23:34.063,1.52009,1.52037,1.35,1.73
2013.01.31 17:23:34.422,1.52009,1.52036,1.50,1.73
2013.01.31 17:23:34.851,1.52008,1.52034,1.35,2.85
2013.01.31 17:23:35.092,1.52008,1.52034,1.13,1.35
2013.01.31 17:23:35.464,1.52008,1.52032,1.13,1.35
2013.01.31 17:23:36.183,1.52006,1.52029,1.13,1.73
2013.01.31 17:23:36.303,1.52008,1.52032,1.13,1.35
2013.01.31 17:23:36.372,1.52003,1.52029,2.07,1.73
2013.01.31 17:23:36.432,1.52001,1.52029,1.73,1.73
2013.01.31 17:23:36.492,1.52001,1.52029,1.73,1.73
2013.01.31 17:23:36.551,1.52001,1.52029,2.48,1.73
2013.01.31 17:23:36.691,1.52001,1.5203,2.48,2.37
2013.01.31 17:23:36.753,1.52002,1.52029,2.48,1.35
2013.01.31 17:23:37.174,1.52002,1.52029,2.48,2.10
2013.01.31 17:23:37.237,1.52002,1.52029,2.48,1.35
2013.01.31 17:23:39.044,1.52,1.5203,3.23,1.35
2013.01.31 17:23:39.627,1.52,1.5203,3.23,1.35
2013.01.31 17:23:41.875,1.52003,1.52029,1.50,1.35
2013.01.31 17:23:42.061,1.52001,1.52029,3.38,2.10
2013.01.31 17:23:42.684,1.52001,1.5203,1.50,1.35
2013.01.31 17:23:43.172,1.52002,1.52021,1.50,1.35
2013.01.31 17:23:43.232,1.51998,1.52021,1.35,1.35
2013.01.31 17:23:43.712,1.52002,1.52027,1.73,1.35
2013.01.31 17:23:43.953,1.52003,1.52027,1.73,1.35
2013.01.31 17:23:44.133,1.52003,1.52027,1.73,1.13
2013.01.31 17:23:44.252,1.52003,1.52027,1.73,1.13
2013.01.31 17:23:44.312,1.52003,1.52027,1.73,1.35
2013.01.31 17:23:44.772,1.51999,1.52027,1.73,1.35
2013.01.31 17:23:47.312,1.51999,1.52027,1.73,1.35
2013.01.31 17:23:47.372,1.51999,1.52027,1.73,1.35
2013.01.31 17:23:47.626,1.51997,1.52027,3.30,2.10
2013.01.31 17:23:48.832,1.51997,1.52027,1.80,3.83
2013.01.31 17:23:55.673,1.51997,1.52025,1.05,1.73
2013.01.31 17:23:58.513,1.51993,1.52021,2.10,1.73
2013.01.31 17:24:00.282,1.51993,1.52017,1.35,1.50
2013.01.31 17:24:00.768,1.51993,1.52021,1.35,1.73
2013.01.31 17:24:05.212,1.51993,1.52018,1.35,1.50
2013.01.31 17:24:14.570,1.51993,1.5201,1.35,1.50
2013.01.31 17:24:14.823,1.51988,1.52007,1.73,1.50
2013.01.31 17:24:14.942,1.51986,1.52009,1.73,1.13
2013.01.31 17:24:15.123,1.51981,1.52005,1.73,1.13
2013.01.31 17:24:15.542,1.51977,1.52005,1.35,1.50
2013.01.31 17:24:16.081,1.51977,1.52006,1.35,1.73
2013.01.31 17:24:16.700,1.51977,1.52005,1.35,1.50
2013.01.31 17:24:17.161,1.51978,1.52005,2.48,1.50
2013.01.31 17:24:17.682,1.51977,1.52004,2.85,1.50
2013.01.31 17:24:18.269,1.51977,1.52004,1.35,1.50
2013.01.31 17:24:19.323,1.51977,1.52004,1.35,1.50
2013.01.31 17:24:20.273,1.51977,1.52006,2.10,1.97
2013.01.31 17:24:20.688,1.51979,1.52006,1.45,3.25
2013.01.31 17:24:21.301,1.51979,1.52004,1.45,1.50
2013.01.31 17:24:21.842,1.51979,1.52003,1.45,1.50
2013.01.31 17:24:24.872,1.51979,1.52003,1.45,1.50
2013.01.31 17:24:25.222,1.51979,1.52003,1.45,1.50
2013.01.31 17:24:25.921,1.51979,1.52003,1.45,1.50
2013.01.31 17:24:27.912,1.51979,1.52003,1.45,1.50
2013.01.31 17:24:27.971,1.51979,1.52003,1.45,1.50
2013.01.31 17:24:28.032,1.51977,1.52003,1.35,1.50
2013.01.31 17:24:28.462,1.51977,1.52005,1.35,1.73
2013.01.31 17:24:29.310,1.51977,1.52005,1.35,1.73
2013.01.31 17:24:29.812,1.51979,1.52005,1.35,1.73
2013.01.31 17:24:30.342,1.51979,1.52005,1.35,1.73
2013.01.31 17:24:33.713,1.51979,1.52001,1.35,1.50
2013.01.31 17:24:33.851,1.51979,1.52001,1.35,1.73
2013.01.31 17:24:33.911,1.51979,1.52001,1.35,1.73
2013.01.31 17:24:34.432,1.51979,1.52001,1.35,1.73
2013.01.31 17:24:34.553,1.51979,1.52001,1.35,1.73
2013.01.31 17:24:35.684,1.51979,1.52003,1.35,1.73
2013.01.31 17:24:36.735,1.51977,1.52001,1.35,1.73
2013.01.31 17:24:36.802,1.51977,1.52001,1.13,1.73
2013.01.31 17:24:41.182,1.51979,1.51999,1.13,2.10
2013.01.31 17:24:41.577,1.51976,1.51999,1.35,1.35
2013.01.31 17:24:41.702,1.51979,1.51999,1.13,1.35
2013.01.31 17:24:42.192,1.51977,1.52,1.13,1.35
2013.01.31 17:24:42.252,1.51979,1.51999,1.13,1.35
2013.01.31 17:24:42.394,1.51977,1.51999,2.63,1.35
2013.01.31 17:24:42.462,1.51977,1.51999,2.25,1.35
2013.01.31 17:24:42.582,1.51977,1.51999,2.25,1.35
2013.01.31 17:24:42.963,1.51981,1.52004,1.73,2.48
2013.01.31 17:24:43.502,1.51984,1.52008,2.48,2.85
2013.01.31 17:24:43.622,1.51984,1.52008,1.73,2.85
2013.01.31 17:24:43.862,1.51976,1.52005,2.10,1.50
2013.01.31 17:24:43.982,1.51979,1.52006,1.73,3.98
2013.01.31 17:24:44.222,1.51981,1.52006,1.73,2.70
2013.01.31 17:24:44.342,1.51977,1.52006,1.73,2.70
2013.01.31 17:24:44.522,1.51976,1.52006,1.35,4.73
2013.01.31 17:24:45.706,1.51976,1.52006,2.85,4.43
2013.01.31 17:24:45.832,1.51979,1.52006,1.73,4.20
2013.01.31 17:24:46.202,1.51976,1.52006,1.35,2.25
2013.01.31 17:24:46.516,1.51976,1.52004,2.85,1.73
2013.01.31 17:24:46.702,1.51976,1.52006,1.35,2.25
2013.01.31 17:24:46.763,1.51979,1.52006,1.73,2.25
2013.01.31 17:24:47.462,1.51979,1.52006,1.73,2.48
2013.01.31 17:24:50.101,1.51976,1.52004,1.35,1.73
2013.01.31 17:24:50.162,1.51976,1.52004,1.35,2.48
2013.01.31 17:24:50.462,1.51976,1.52004,2.10,1.35
2013.01.31 17:24:50.581,1.51982,1.52006,1.73,1.88
2013.01.31 17:24:50.712,1.51978,1.52003,2.10,1.35
2013.01.31 17:24:51.464,1.51978,1.52006,1.35,2.48
2013.01.31 17:24:51.535,1.51978,1.52006,1.35,2.48
2013.01.31 17:24:52.854,1.51978,1.52006,2.48,2.48
2013.01.31 17:24:53.043,1.51982,1.52007,1.32,1.43
2013.01.31 17:24:53.286,1.51988,1.52009,1.73,2.70
2013.01.31 17:24:53.474,1.51988,1.52009,1.73,1.95
2013.01.31 17:24:53.536,1.51985,1.52012,1.73,2.85
2013.01.31 17:24:54.021,1.51984,1.52012,3.48,1.35
2013.01.31 17:24:56.296,1.51985,1.52012,2.48,1.35
2013.01.31 17:24:56.932,1.51991,1.52022,1.73,2.48
2013.01.31 17:24:57.293,1.51991,1.52021,1.73,2.48
2013.01.31 17:24:57.472,1.51991,1.52018,1.73,2.25
2013.01.31 17:24:57.798,1.51991,1.52018,1.73,2.48
2013.01.31 17:24:58.773,1.51991,1.52016,1.73,1.73
2013.01.31 17:25:00.412,1.51991,1.52016,1.35,3.23
2013.01.31 17:25:00.652,1.51991,1.52019,1.35,2.55
2013.01.31 17:25:01.233,1.51991,1.5202,2.10,2.48
2013.01.31 17:25:01.747,1.51993,1.52023,3.45,1.35
2013.01.31 17:25:04.482,1.51996,1.52025,1.73,2.48
2013.01.31 17:25:04.542,1.51996,1.52026,3.28,3.00
2013.01.31 17:25:04.601,1.51996,1.52025,2.53,1.50
2013.01.31 17:25:05.621,1.51995,1.52026,1.35,2.48
2013.01.31 17:25:05.753,1.51994,1.52024,1.73,1.73
2013.01.31 17:25:06.855,1.51994,1.52024,1.73,2.48
2013.01.31 17:25:06.923,1.51994,1.5202,1.50,1.29
2013.01.31 17:25:08.505,1.51992,1.52019,1.73,1.73
2013.01.31 17:25:08.802,1.51993,1.52023,1.73,1.73
2013.01.31 17:25:09.152,1.51995,1.52023,1.73,1.73
2013.01.31 17:25:09.273,1.51995,1.52023,1.73,1.73
2013.01.31 17:25:09.666,1.51993,1.52022,2.48,1.73
2013.01.31 17:25:11.913,1.51993,1.52021,1.73,1.73
2013.01.31 17:25:14.565,1.51992,1.52021,1.43,1.73
2013.01.31 17:25:15.836,1.51991,1.52019,1.80,2.48
2013.01.31 17:25:15.902,1.51991,1.52018,1.80,1.73
2013.01.31 17:25:16.402,1.51987,1.52018,2.85,1.73
2013.01.31 17:25:16.643,1.51987,1.52015,2.85,1.73
2013.01.31 17:25:27.203,1.51984,1.52014,1.35,3.23
2013.01.31 17:25:27.323,1.51982,1.52011,1.73,1.73
2013.01.31 17:25:28.583,1.51983,1.52012,2.10,1.73
2013.01.31 17:25:28.773,1.51992,1.52016,1.50,1.35
2013.01.31 17:25:28.832,1.51992,1.52016,1.50,1.35
2013.01.31 17:25:29.012,1.51994,1.52016,1.73,1.13
2013.01.31 17:25:29.198,1.51995,1.52017,1.73,2.63
2013.01.31 17:25:31.182,1.51994,1.52021,1.73,1.73
2013.01.31 17:25:31.422,1.51994,1.52022,3.23,1.73
2013.01.31 17:25:31.483,1.51994,1.52022,3.23,1.73
2013.01.31 17:25:32.124,1.51995,1.52025,2.48,3.23
2013.01.31 17:25:37.493,1.51996,1.52027,1.73,2.48
2013.01.31 17:25:38.093,1.51997,1.52028,1.92,1.43
2013.01.31 17:25:42.775,1.51994,1.52027,1.73,2.48
2013.01.31 17:25:42.962,1.51997,1.52027,1.50,2.48
2013.01.31 17:25:43.202,1.51997,1.52027,1.50,2.48
2013.01.31 17:25:43.262,1.51994,1.52022,1.73,1.73
2013.01.31 17:25:44.652,1.51992,1.52023,2.48,1.73
2013.01.31 17:25:45.132,1.51994,1.52025,1.73,1.73
2013.01.31 17:25:45.377,1.51996,1.52026,1.73,2.48
2013.01.31 17:25:45.503,1.51996,1.52024,1.73,1.73
2013.01.31 17:25:45.622,1.51996,1.52024,1.73,1.73
2013.01.31 17:25:45.806,1.51997,1.52026,1.73,1.73
2013.01.31 17:25:45.932,1.51997,1.52026,1.73,1.73
2013.01.31 17:25:46.052,1.51997,1.52026,1.73,1.73
2013.01.31 17:25:46.694,1.51997,1.52024,1.73,1.73
2013.01.31 17:25:52.664,1.51997,1.52021,1.73,2.25
2013.01.31 17:25:52.982,1.52001,1.52021,1.73,1.50
2013.01.31 17:25:53.285,1.51995,1.52023,4.35,1.73
2013.01.31 17:25:53.712,1.51992,1.52018,2.48,1.73
2013.01.31 17:25:57.205,1.51987,1.52016,3.23,1.73
2013.01.31 17:25:57.482,1.51988,1.52018,1.73,2.48
2013.01.31 17:26:00.218,1.51988,1.52018,1.35,3.60
2013.01.31 17:26:01.312,1.51988,1.52017,2.10,1.73
2013.01.31 17:26:02.772,1.51987,1.52013,1.73,1.50
2013.01.31 17:26:05.705,1.51985,1.52014,1.69,1.50
2013.01.31 17:26:05.952,1.51985,1.52014,3.23,1.73
2013.01.31 17:26:06.196,1.51987,1.52012,1.73,2.48
2013.01.31 17:26:06.884,1.51985,1.52009,1.73,2.10
2013.01.31 17:26:07.072,1.51985,1.52009,1.73,2.85
2013.01.31 17:26:07.132,1.51985,1.52009,1.50,4.35
2013.01.31 17:26:07.191,1.5198,1.52003,2.25,1.73
2013.01.31 17:26:13.663,1.51975,1.52004,1.35,1.73
2013.01.31 17:26:15.803,1.51976,1.52004,2.49,1.50
2013.01.31 17:26:15.886,1.51974,1.52003,1.50,1.73
2013.01.31 17:26:18.493,1.51973,1.52004,1.88,1.73
2013.01.31 17:26:18.732,1.51974,1.52004,1.35,2.48
2013.01.31 17:26:20.615,1.51972,1.51998,1.35,1.73
2013.01.31 17:26:20.941,1.51974,1.52,1.13,2.10
2013.01.31 17:26:22.613,1.51972,1.51999,1.13,1.35
2013.01.31 17:26:23.153,1.51972,1.51999,1.73,1.35
2013.01.31 17:26:25.393,1.51971,1.51999,1.73,1.35
2013.01.31 17:26:25.959,1.51967,1.51999,3.23,1.35
2013.01.31 17:26:26.651,1.51966,1.51994,2.48,1.73
2013.01.31 17:26:27.444,1.51973,1.51999,1.35,2.85
2013.01.31 17:26:27.565,1.51974,1.51999,1.35,1.50
2013.01.31 17:26:27.622,1.51977,1.52,1.50,1.15
2013.01.31 17:26:27.684,1.51977,1.52004,1.73,1.67
2013.01.31 17:26:27.822,1.51979,1.52005,1.73,2.48
2013.01.31 17:26:28.392,1.51977,1.52004,1.35,3.00
2013.01.31 17:26:28.452,1.51977,1.52004,1.35,3.23
2013.01.31 17:26:34.593,1.51976,1.52007,1.73,2.48
2013.01.31 17:26:36.413,1.51979,1.52008,1.73,1.73
2013.01.31 17:26:36.595,1.51987,1.52015,1.88,1.73
2013.01.31 17:26:36.725,1.51992,1.52015,1.13,1.73
2013.01.31 17:26:36.853,1.51992,1.52016,1.35,1.50
2013.01.31 17:26:37.212,1.51992,1.52019,1.35,1.73
2013.01.31 17:26:37.752,1.51994,1.52021,1.73,3.98
2013.01.31 17:26:39.722,1.51992,1.52021,1.35,3.23
2013.01.31 17:26:42.471,1.51993,1.52021,2.10,3.23
2013.01.31 17:26:42.592,1.51993,1.52021,2.10,3.23
2013.01.31 17:26:44.122,1.51992,1.52021,2.48,3.23
2013.01.31 17:26:44.483,1.51988,1.52017,1.35,1.73
2013.01.31 17:26:44.542,1.51991,1.52017,1.50,1.73
2013.01.31 17:26:45.202,1.51987,1.52018,1.35,2.13
2013.01.31 17:26:49.063,1.51987,1.52018,1.35,2.13
2013.01.31 17:26:49.452,1.51989,1.52017,1.73,2.48
2013.01.31 17:26:52.898,1.51989,1.52017,1.73,1.73
2013.01.31 17:26:53.023,1.51989,1.52017,1.73,1.73
2013.01.31 17:26:54.902,1.51987,1.52016,2.48,1.73
2013.01.31 17:26:54.963,1.51987,1.52016,2.48,1.73
2013.01.31 17:26:55.188,1.51987,1.52016,2.48,1.73
2013.01.31 17:26:55.354,1.51987,1.52016,2.48,1.73
2013.01.31 17:26:55.472,1.51989,1.52017,1.73,1.73
2013.01.31 17:27:01.914,1.51987,1.52016,3.23,1.73
2013.01.31 17:27:02.093,1.51987,1.52016,1.73,1.73
2013.01.31 17:27:03.052,1.51991,1.52019,1.73,1.73
2013.01.31 17:27:07.455,1.51991,1.52019,1.73,1.73
2013.01.31 17:27:07.982,1.51991,1.5202,1.73,3.23
2013.01.31 17:27:08.371,1.51991,1.5202,1.73,3.23
2013.01.31 17:27:12.541,1.51997,1.52023,1.73,2.48
2013.01.31 17:27:12.883,1.51997,1.52023,1.73,2.48
2013.01.31 17:27:14.144,1.51996,1.52024,1.73,3.84
2013.01.31 17:27:14.324,1.51996,1.52024,1.73,1.73
2013.01.31 17:27:14.386,1.51997,1.52023,1.73,1.73
2013.01.31 17:27:14.453,1.51997,1.52023,1.73,1.50
2013.01.31 17:27:14.513,1.51996,1.52023,1.73,1.50
2013.01.31 17:27:14.813,1.51995,1.52023,1.73,1.73
2013.01.31 17:27:15.362,1.51995,1.52023,1.73,1.73
2013.01.31 17:27:15.912,1.51997,1.52024,1.73,1.80
2013.01.31 17:27:16.572,1.51998,1.52025,1.73,1.73
2013.01.31 17:27:17.117,1.51998,1.52025,1.73,1.73
2013.01.31 17:27:18.375,1.51999,1.52028,1.50,1.73
2013.01.31 17:27:18.445,1.51999,1.52028,1.73,1.73
2013.01.31 17:27:18.513,1.52001,1.5203,1.73,2.10
2013.01.31 17:27:18.722,1.52001,1.52029,2.48,3.23
2013.01.31 17:27:19.122,1.51999,1.52028,3.23,1.22
2013.01.31 17:27:19.603,1.51999,1.52026,2.48,1.73
2013.01.31 17:27:22.443,1.51999,1.52025,3.23,1.50
2013.01.31 17:27:23.033,1.52006,1.5203,1.59,1.13
2013.01.31 17:27:23.152,1.52009,1.52031,1.73,1.13
2013.01.31 17:27:23.212,1.52009,1.52031,1.50,1.35
2013.01.31 17:27:23.393,1.52009,1.52033,1.50,1.35
2013.01.31 17:27:23.633,1.52014,1.52038,2.48,1.73
2013.01.31 17:27:23.752,1.52015,1.52039,2.48,1.73
2013.01.31 17:27:24.172,1.52015,1.52039,1.73,1.73
2013.01.31 17:27:24.233,1.52015,1.52038,1.50,1.25
2013.01.31 17:27:25.223,1.52011,1.52038,1.50,1.25
2013.01.31 17:27:25.806,1.52011,1.52038,1.50,1.25
2013.01.31 17:27:26.024,1.52011,1.5204,1.50,1.35
2013.01.31 17:27:26.153,1.52011,1.5204,1.50,1.35
2013.01.31 17:27:26.663,1.52014,1.52042,1.50,1.73
2013.01.31 17:27:27.022,1.52015,1.52043,3.98,1.73
2013.01.31 17:27:30.710,1.52019,1.52043,1.50,1.27
2013.01.31 17:27:30.773,1.52016,1.52043,2.25,1.27
2013.01.31 17:27:31.153,1.52016,1.52043,2.25,1.27
2013.01.31 17:27:31.416,1.52016,1.52043,3.75,1.36
2013.01.31 17:27:31.543,1.52022,1.52047,1.50,1.80
2013.01.31 17:27:32.082,1.52022,1.52048,1.13,2.09
2013.01.31 17:27:32.902,1.52023,1.52048,1.50,2.09
2013.01.31 17:27:33.432,1.52022,1.52048,1.50,1.34
2013.01.31 17:27:33.492,1.52024,1.52052,1.50,2.48
2013.01.31 17:27:33.552,1.52027,1.52055,2.25,3.23
2013.01.31 17:27:33.853,1.52032,1.52058,1.50,1.95
2013.01.31 17:27:33.984,1.52032,1.52058,1.50,2.48
2013.01.31 17:27:34.115,1.52032,1.52058,1.50,1.73
2013.01.31 17:27:34.732,1.52036,1.52061,1.50,1.73
2013.01.31 17:27:35.035,1.52039,1.52067,1.73,1.73
2013.01.31 17:27:35.485,1.52041,1.52069,1.73,2.48
2013.01.31 17:27:35.613,1.52041,1.52069,1.50,2.48
2013.01.31 17:27:36.310,1.52042,1.52069,1.50,1.73
2013.01.31 17:27:36.723,1.52042,1.52069,1.73,1.73
2013.01.31 17:27:36.782,1.52042,1.52068,1.73,1.73
2013.01.31 17:27:36.843,1.52042,1.52068,1.50,1.73
2013.01.31 17:27:37.352,1.52042,1.52068,1.50,1.73
2013.01.31 17:27:37.632,1.52047,1.52068,1.73,1.73
2013.01.31 17:27:37.932,1.52049,1.52068,1.50,1.73
2013.01.31 17:27:38.192,1.5205,1.52075,1.35,1.73
2013.01.31 17:27:38.744,1.5205,1.52075,1.13,1.35
2013.01.31 17:27:38.944,1.52046,1.52074,1.35,1.73
2013.01.31 17:27:39.004,1.52046,1.52074,1.35,2.48
2013.01.31 17:27:42.624,1.52046,1.52072,1.35,2.48
2013.01.31 17:27:42.997,1.52046,1.52072,1.35,2.48
2013.01.31 17:27:43.133,1.52046,1.52072,1.35,2.48
2013.01.31 17:27:45.982,1.52046,1.52072,1.35,2.48
2013.01.31 17:27:47.359,1.52047,1.52072,1.73,3.98
2013.01.31 17:27:47.423,1.52049,1.52072,1.50,3.98
2013.01.31 17:27:47.542,1.52049,1.52072,1.50,2.48
2013.01.31 17:27:47.662,1.52047,1.52072,1.73,2.48
2013.01.31 17:27:47.782,1.52046,1.52072,2.10,2.48
2013.01.31 17:27:49.623,1.52046,1.52067,1.35,1.73
2013.01.31 17:27:49.944,1.52046,1.52067,2.10,1.50
2013.01.31 17:27:50.482,1.52049,1.52068,1.73,1.50
2013.01.31 17:27:50.679,1.5205,1.52072,1.73,2.48
2013.01.31 17:27:51.695,1.5205,1.52072,1.73,2.48
2013.01.31 17:27:52.792,1.5205,1.52072,1.73,1.73
2013.01.31 17:27:55.112,1.52046,1.52072,1.73,1.73
2013.01.31 17:27:55.252,1.52046,1.52072,1.73,1.73
2013.01.31 17:27:56.023,1.52047,1.52072,1.73,2.48
2013.01.31 17:27:56.565,1.52042,1.5207,1.73,1.73
2013.01.31 17:28:02.152,1.52048,1.52073,1.50,1.35
2013.01.31 17:28:02.512,1.52048,1.52073,1.73,1.13
2013.01.31 17:28:03.153,1.52051,1.52075,1.73,2.48
2013.01.31 17:28:03.522,1.52051,1.52075,1.73,2.48
2013.01.31 17:28:03.703,1.52047,1.52075,2.10,2.48
2013.01.31 17:28:03.762,1.52047,1.52075,1.35,3.23
2013.01.31 17:28:03.853,1.52047,1.52075,1.35,3.23
2013.01.31 17:28:03.972,1.52051,1.52076,1.73,2.48
2013.01.31 17:28:04.152,1.52046,1.52076,2.10,2.48
2013.01.31 17:28:04.272,1.52046,1.52073,1.35,1.35
2013.01.31 17:28:04.582,1.52047,1.52073,1.73,1.35
2013.01.31 17:28:04.762,1.52044,1.52073,2.85,1.35
2013.01.31 17:28:04.882,1.52044,1.52073,2.10,1.35
2013.01.31 17:28:04.942,1.52049,1.52074,1.73,1.35
2013.01.31 17:28:05.122,1.52046,1.52073,1.73,1.35
2013.01.31 17:28:05.182,1.52047,1.52073,1.73,1.35
2013.01.31 17:28:05.302,1.52047,1.52073,1.73,1.35
2013.01.31 17:28:05.623,1.52051,1.52075,1.73,1.22
2013.01.31 17:28:05.742,1.52047,1.52075,1.73,1.22
2013.01.31 17:28:07.863,1.52043,1.52075,1.35,1.15
2013.01.31 17:28:08.223,1.52042,1.52068,1.73,1.35
2013.01.31 17:28:08.283,1.52042,1.52068,2.48,1.35
2013.01.31 17:28:17.392,1.52044,1.52072,1.35,1.35
2013.01.31 17:28:25.111,1.52043,1.52073,1.35,1.35
2013.01.31 17:28:26.432,1.52046,1.52074,1.73,1.35
2013.01.31 17:28:35.122,1.52049,1.52074,1.73,2.10
2013.01.31 17:28:35.182,1.52049,1.52074,1.73,1.73
2013.01.31 17:28:35.422,1.52048,1.52074,1.73,1.73
2013.01.31 17:28:35.783,1.52052,1.52074,1.73,2.10
2013.01.31 17:28:35.982,1.52046,1.52074,1.73,1.73
2013.01.31 17:28:36.222,1.52051,1.52074,1.73,1.73
2013.01.31 17:28:36.402,1.52049,1.52074,1.73,1.73
2013.01.31 17:28:36.722,1.52052,1.52075,1.73,3.60
2013.01.31 17:28:37.052,1.52046,1.52075,1.73,3.23
2013.01.31 17:28:37.412,1.52051,1.52074,1.73,1.73
2013.01.31 17:28:37.532,1.52047,1.52074,2.48,1.73
2013.01.31 17:28:37.713,1.52049,1.52074,1.73,1.73
2013.01.31 17:28:37.982,1.52046,1.52075,2.48,3.23
2013.01.31 17:28:38.102,1.52046,1.52074,1.73,1.73
2013.01.31 17:28:38.162,1.52047,1.52075,1.73,4.35
2013.01.31 17:28:38.522,1.52047,1.52074,1.73,1.35
2013.01.31 17:28:38.831,1.52048,1.52075,1.73,2.85
2013.01.31 17:28:39.132,1.52047,1.52074,1.73,1.35
2013.01.31 17:28:39.442,1.52047,1.52075,1.73,3.98
2013.01.31 17:28:39.922,1.52047,1.52075,1.73,2.48
2013.01.31 17:28:40.182,1.52052,1.52076,1.73,3.23
2013.01.31 17:28:40.482,1.52047,1.52074,2.48,1.35
2013.01.31 17:28:40.783,1.52052,1.52075,1.73,1.35
2013.01.31 17:28:41.084,1.52047,1.52074,1.73,1.35
2013.01.31 17:28:41.142,1.52048,1.52074,1.73,1.35
2013.01.31 17:28:41.680,1.52048,1.52074,1.73,1.35
2013.01.31 17:28:47.353,1.52047,1.52074,1.73,1.35
2013.01.31 17:28:47.415,1.52048,1.52075,1.73,1.35
2013.01.31 17:28:47.693,1.52047,1.52074,1.73,1.73
2013.01.31 17:28:47.914,1.52052,1.52077,1.50,2.48
2013.01.31 17:28:47.983,1.52052,1.52077,1.73,2.72
2013.01.31 17:28:48.102,1.52046,1.52076,2.48,1.73
2013.01.31 17:28:48.223,1.52046,1.52076,2.48,1.73
2013.01.31 17:28:48.582,1.52053,1.52077,1.73,2.72
2013.01.31 17:28:48.763,1.52046,1.52075,1.73,1.73
2013.01.31 17:28:48.882,1.52048,1.52077,1.73,1.22
2013.01.31 17:28:49.002,1.52053,1.52077,1.73,1.22
2013.01.31 17:28:49.182,1.52048,1.52077,1.73,1.22
2013.01.31 17:28:49.244,1.52047,1.52075,1.73,1.73
2013.01.31 17:28:49.432,1.52053,1.52075,1.73,1.35
2013.01.31 17:28:50.003,1.52049,1.52077,1.73,2.10
2013.01.31 17:28:50.079,1.52053,1.52078,1.73,2.10
2013.01.31 17:28:50.203,1.52046,1.52074,4.73,1.35
2013.01.31 17:28:50.263,1.52046,1.52074,4.73,1.35
2013.01.31 17:28:50.442,1.52048,1.52078,1.73,1.73
2013.01.31 17:28:50.682,1.52047,1.52078,3.23,2.10
2013.01.31 17:28:50.742,1.52046,1.52078,3.23,1.35
2013.01.31 17:28:51.102,1.52052,1.52078,1.73,1.35
2013.01.31 17:28:51.223,1.52046,1.52078,3.98,1.35
2013.01.31 17:28:51.402,1.52053,1.52079,1.50,1.35
2013.01.31 17:28:51.522,1.52053,1.52078,1.73,1.35
2013.01.31 17:28:51.652,1.52047,1.52075,3.98,1.35
2013.01.31 17:28:51.713,1.52047,1.52075,3.23,1.35
2013.01.31 17:28:51.905,1.52048,1.52078,1.73,1.73
2013.01.31 17:28:51.972,1.52053,1.52078,1.73,1.73
2013.01.31 17:28:52.152,1.52049,1.52078,1.73,1.73
2013.01.31 17:28:52.212,1.52049,1.52079,1.73,3.24
2013.01.31 17:28:52.422,1.52049,1.52078,1.73,1.73
2013.01.31 17:28:52.483,1.52052,1.52078,1.73,1.73
2013.01.31 17:28:52.662,1.52052,1.52078,1.73,2.48
2013.01.31 17:28:52.723,1.52049,1.52078,1.73,2.48
2013.01.31 17:28:53.038,1.52052,1.52078,1.73,2.10
2013.01.31 17:28:55.024,1.52051,1.52078,1.73,1.54
2013.01.31 17:28:57.493,1.52052,1.52078,1.73,1.54
2013.01.31 17:28:57.852,1.52059,1.52081,1.73,2.48
2013.01.31 17:29:00.673,1.52057,1.52083,1.73,2.48
2013.01.31 17:29:04.053,1.52054,1.52079,1.73,1.35
2013.01.31 17:29:07.372,1.52052,1.52077,1.73,1.73
2013.01.31 17:29:09.512,1.52053,1.52077,1.73,1.22
2013.01.31 17:29:20.503,1.52052,1.52076,1.73,2.48
2013.01.31 17:29:23.163,1.52052,1.52076,1.73,2.82
2013.01.31 17:29:23.224,1.52059,1.52076,1.50,1.50
2013.01.31 17:29:23.292,1.52061,1.52076,1.50,1.50
2013.01.31 17:29:23.352,1.52061,1.52078,1.50,1.73
2013.01.31 17:29:23.412,1.52059,1.52078,1.50,1.73
2013.01.31 17:29:23.473,1.52053,1.52078,2.85,2.48
2013.01.31 17:29:23.593,1.52052,1.52079,2.85,2.48
2013.01.31 17:29:23.792,1.52052,1.52079,2.85,2.48
2013.01.31 17:29:24.172,1.52052,1.52079,2.48,3.23
2013.01.31 17:29:31.463,1.52057,1.5208,1.50,2.48
2013.01.31 17:29:31.852,1.52058,1.52082,1.73,1.50
2013.01.31 17:29:33.464,1.52056,1.52082,1.35,2.25
2013.01.31 17:29:33.593,1.52056,1.52082,1.35,2.48
2013.01.31 17:29:36.572,1.52052,1.52075,2.48,1.50
2013.01.31 17:29:38.622,1.52052,1.52076,2.48,1.50
2013.01.31 17:29:38.681,1.52053,1.52079,1.73,1.73
2013.01.31 17:29:47.483,1.52052,1.52078,2.48,2.48
2013.01.31 17:29:48.772,1.52056,1.52075,1.73,1.11
2013.01.31 17:29:52.363,1.52056,1.52076,1.73,1.86
2013.01.31 17:29:52.483,1.52051,1.52075,1.50,1.11
2013.01.31 17:29:53.872,1.52051,1.52077,1.50,1.73
2013.01.31 17:29:55.292,1.52051,1.52078,1.50,1.84
2013.01.31 17:29:55.903,1.52047,1.52074,1.73,1.50
2013.01.31 17:29:58.702,1.52051,1.52079,1.50,1.73
2013.01.31 17:30:01.663,1.52051,1.52079,1.50,1.09
2013.01.31 17:30:01.722,1.52051,1.52079,1.73,1.09
2013.01.31 17:30:01.842,1.52051,1.52079,1.73,1.84
2013.01.31 17:30:02.503,1.52056,1.52078,1.73,1.09
2013.01.31 17:30:02.804,1.52051,1.52076,1.50,2.48
2013.01.31 17:30:03.373,1.52046,1.52076,3.98,3.23
2013.01.31 17:30:03.763,1.52047,1.52074,2.48,1.50
2013.01.31 17:30:04.062,1.52047,1.52071,2.48,1.73
2013.01.31 17:30:05.123,1.52048,1.52074,1.50,1.35
2013.01.31 17:30:05.242,1.52058,1.52075,1.73,1.11
2013.01.31 17:30:05.772,1.52052,1.52075,1.50,1.50
2013.01.31 17:30:05.912,1.52051,1.52074,2.25,1.73
2013.01.31 17:30:06.212,1.52048,1.52074,1.73,1.88
2013.01.31 17:30:10.032,1.52048,1.52074,1.73,1.50
2013.01.31 17:30:10.342,1.52051,1.52077,2.48,2.99
2013.01.31 17:30:12.133,1.52052,1.52076,1.73,1.11
2013.01.31 17:30:12.255,1.52054,1.52075,1.13,1.34
2013.01.31 17:30:12.390,1.5205,1.52074,1.35,1.73
2013.01.31 17:30:26.883,1.52051,1.52076,1.50,1.35
2013.01.31 17:30:39.002,1.52051,1.52075,1.73,1.35
2013.01.31 17:30:41.232,1.52051,1.52077,1.73,2.85
2013.01.31 17:30:43.555,1.52051,1.52078,1.50,1.35
2013.01.31 17:31:00.865,1.52051,1.52078,1.50,2.48
2013.01.31 17:31:01.202,1.52051,1.52077,1.73,2.48
2013.01.31 17:31:02.694,1.52051,1.52081,1.73,1.73
2013.01.31 17:31:04.064,1.52051,1.52079,1.50,1.73
2013.01.31 17:31:04.483,1.52043,1.52072,1.50,1.73
2013.01.31 17:31:04.603,1.52043,1.52072,1.50,1.73
2013.01.31 17:31:04.723,1.52041,1.52071,1.88,1.41
2013.01.31 17:31:12.653,1.52045,1.52069,1.13,3.23
2013.01.31 17:31:18.402,1.52041,1.5207,1.50,2.48
2013.01.31 17:31:18.704,1.52042,1.5207,1.50,2.48
2013.01.31 17:31:18.763,1.52045,1.52071,1.73,2.70
2013.01.31 17:31:26.983,1.52046,1.52074,1.73,2.48
2013.01.31 17:31:30.432,1.52042,1.5207,1.95,1.95
2013.01.31 17:31:30.493,1.52042,1.5207,1.73,1.95
2013.01.31 17:31:30.732,1.52046,1.52069,1.73,2.70
2013.01.31 17:31:31.103,1.52042,1.5207,1.73,3.45
2013.01.31 17:31:31.282,1.52042,1.5207,1.73,2.48
2013.01.31 17:31:43.234,1.52049,1.52075,1.50,2.85
2013.01.31 17:31:43.474,1.52049,1.52074,1.50,1.73
2013.01.31 17:31:43.533,1.52049,1.52074,1.73,1.73
2013.01.31 17:31:43.773,1.52043,1.5207,1.73,1.73
2013.01.31 17:31:43.963,1.52043,1.52073,2.48,1.73
2013.01.31 17:31:44.296,1.52043,1.52073,2.48,1.73
2013.01.31 17:31:44.444,1.52042,1.52071,1.73,1.73
2013.01.31 17:31:44.803,1.52043,1.52071,1.20,1.50
2013.01.31 17:31:45.853,1.52045,1.52073,1.73,1.97
2013.01.31 17:31:45.937,1.52051,1.52072,2.00,1.50
2013.01.31 17:31:46.446,1.52051,1.52074,2.00,1.50
2013.01.31 17:31:46.883,1.52047,1.52074,1.73,1.73
2013.01.31 17:31:48.523,1.52051,1.52072,1.73,1.50
2013.01.31 17:31:49.082,1.52051,1.52071,1.73,1.50
2013.01.31 17:31:50.632,1.52051,1.52074,1.73,1.13
2013.01.31 17:31:51.338,1.52051,1.52073,1.73,1.50
2013.01.31 17:31:51.713,1.52051,1.52073,1.73,3.23
2013.01.31 17:31:52.282,1.52047,1.52073,1.73,1.73
2013.01.31 17:31:53.009,1.52047,1.52073,1.73,1.50
2013.01.31 17:31:53.311,1.52047,1.52073,1.73,2.25
2013.01.31 17:31:54.185,1.52047,1.52072,1.73,1.50
2013.01.31 17:31:54.671,1.5205,1.52072,1.61,1.50
2013.01.31 17:31:55.212,1.52052,1.52071,1.73,1.50
2013.01.31 17:31:56.403,1.52052,1.52078,1.73,1.50
2013.01.31 17:31:56.672,1.52052,1.52074,1.73,1.50
2013.01.31 17:32:00.713,1.52052,1.52073,1.73,1.50
2013.01.31 17:32:06.791,1.52052,1.52078,1.73,1.50
2013.01.31 17:32:07.441,1.52052,1.52073,1.73,1.50
2013.01.31 17:32:08.435,1.52052,1.52073,1.73,1.50
2013.01.31 17:32:09.894,1.52052,1.52078,1.73,1.73
2013.01.31 17:32:10.253,1.52053,1.52081,2.48,2.48
2013.01.31 17:32:10.953,1.52052,1.52078,1.73,1.73
2013.01.31 17:32:11.013,1.52052,1.52078,1.73,1.73
2013.01.31 17:32:14.002,1.52052,1.52077,1.73,1.50
2013.01.31 17:32:14.752,1.52052,1.52076,1.73,1.50
2013.01.31 17:32:15.113,1.52052,1.52078,1.73,1.50
2013.01.31 17:32:18.469,1.52052,1.52076,1.73,2.25
2013.01.31 17:32:20.521,1.52052,1.52076,1.73,2.25
2013.01.31 17:32:20.891,1.52047,1.52073,1.73,2.25
2013.01.31 17:32:22.111,1.52045,1.52073,1.56,2.25
2013.01.31 17:32:22.421,1.52049,1.5207,1.34,2.25
2013.01.31 17:32:22.481,1.52045,1.5207,1.63,2.25
2013.01.31 17:32:22.622,1.52047,1.5207,1.73,1.50
2013.01.31 17:32:22.683,1.52049,1.5207,1.34,1.50
2013.01.31 17:32:22.741,1.52049,1.52072,1.34,3.00
2013.01.31 17:32:22.932,1.52045,1.52073,1.34,3.00
2013.01.31 17:32:23.111,1.52044,1.52073,1.38,3.00
2013.01.31 17:32:23.171,1.52046,1.52072,1.73,1.50
2013.01.31 17:32:23.232,1.52049,1.52072,1.52,1.50
2013.01.31 17:32:23.471,1.52044,1.52072,2.09,2.25
2013.01.31 17:32:23.712,1.52049,1.52072,1.63,1.50
2013.01.31 17:32:24.012,1.52045,1.52072,1.45,2.25
2013.01.31 17:32:24.192,1.52047,1.52072,1.73,1.50
2013.01.31 17:32:24.251,1.52049,1.52072,1.32,1.50
2013.01.31 17:32:24.904,1.52049,1.52072,1.32,2.25
2013.01.31 17:32:25.022,1.52044,1.52072,1.98,2.25
2013.01.31 17:32:25.202,1.52049,1.52072,1.52,2.25
2013.01.31 17:32:25.262,1.52049,1.52072,1.52,1.50
2013.01.31 17:32:25.442,1.52046,1.52072,1.73,1.50
2013.01.31 17:32:25.502,1.52045,1.52073,1.50,2.25
2013.01.31 17:32:25.702,1.52046,1.52073,1.73,1.50
2013.01.31 17:32:25.762,1.52048,1.52073,1.52,1.50
2013.01.31 17:32:26.105,1.52045,1.52072,2.07,2.25
