2015.09.01 01:00:00.344,2.15896,2.15984,1.00,1.00
2015.09.01 01:00:01.070,2.15997,2.16043,0.75,1.00
2015.09.01 01:00:01.173,2.15911,2.16043,1.00,1.00
2015.09.01 01:00:01.478,2.15916,2.16043,1.12,1.00
2015.09.01 01:00:01.580,2.15914,2.16043,1.00,1.00
2015.09.01 01:00:01.631,2.15932,2.16043,1.00,1.00
2015.09.01 01:00:02.256,2.16053,2.16083,0.75,1.00
2015.09.01 01:00:02.307,2.15996,2.16094,1.00,1.00
2015.09.01 01:00:02.408,2.15996,2.16109,1.50,1.00
2015.09.01 01:00:02.614,2.15997,2.16083,1.50,1.00
2015.09.01 01:00:03.623,2.16027,2.1612,1.00,1.00
2015.09.01 01:00:03.674,2.16027,2.16138,1.00,1.00
2015.09.01 01:00:03.825,2.16056,2.16144,1.00,1.00
2015.09.01 01:00:05.310,2.16057,2.16144,1.00,1.12
2015.09.01 01:00:05.613,2.16076,2.16144,1.00,1.37
2015.09.01 01:00:05.764,2.16076,2.16144,1.00,1.37
2015.09.01 01:00:06.261,2.16076,2.16144,1.00,1.12
2015.09.01 01:00:07.167,2.16076,2.16144,1.37,1.00
2015.09.01 01:00:07.369,2.16091,2.16159,1.00,1.00
2015.09.01 01:00:07.822,2.16111,2.16177,1.00,1.37
2015.09.01 01:00:07.973,2.16116,2.16199,1.37,1.35
2015.09.01 01:00:08.024,2.16128,2.16199,1.00,1.00
2015.09.01 01:00:08.125,2.16142,2.16221,1.00,1.37
2015.09.01 01:00:08.176,2.16142,2.16221,1.00,1.00
2015.09.01 01:00:08.227,2.16142,2.16228,1.00,1.87
2015.09.01 01:00:08.278,2.16142,2.16228,1.00,1.50
2015.09.01 01:00:08.379,2.16167,2.16228,1.00,1.00
2015.09.01 01:00:08.480,2.16161,2.16229,1.00,1.00
2015.09.01 01:00:08.581,2.16146,2.16223,1.28,1.00
2015.09.01 01:00:08.681,2.16146,2.16223,1.58,1.00
2015.09.01 01:00:08.987,2.16202,2.16248,1.00,1.00
2015.09.01 01:00:09.039,2.16202,2.16288,1.00,1.37
2015.09.01 01:00:09.090,2.16202,2.16288,1.37,1.00
2015.09.01 01:00:09.141,2.16207,2.16309,1.37,1.37
2015.09.01 01:00:09.192,2.16207,2.16309,1.37,1.00
2015.09.01 01:00:09.242,2.16228,2.16319,1.37,1.00
2015.09.01 01:00:09.293,2.16228,2.16319,1.37,1.00
2015.09.01 01:00:09.596,2.16301,2.16364,1.37,1.00
2015.09.01 01:00:09.700,2.16327,2.16414,1.37,1.00
2015.09.01 01:00:09.755,2.16327,2.16418,1.37,1.00
2015.09.01 01:00:09.806,2.16312,2.16418,1.53,1.00
2015.09.01 01:00:10.165,2.16372,2.16435,1.00,1.00
2015.09.01 01:00:10.317,2.16366,2.16431,1.00,1.00
2015.09.01 01:00:10.368,2.16366,2.16431,1.00,1.37
2015.09.01 01:00:10.469,2.16366,2.16429,1.00,1.37
2015.09.01 01:00:10.520,2.16366,2.16409,1.00,1.00
2015.09.01 01:00:10.570,2.16336,2.16409,1.00,1.37
2015.09.01 01:00:10.621,2.16336,2.16395,1.00,1.00
2015.09.01 01:00:10.873,2.16307,2.16382,1.00,1.00
2015.09.01 01:00:10.924,2.16307,2.16365,1.00,1.00
2015.09.01 01:00:11.126,2.16277,2.16363,1.00,1.00
2015.09.01 01:00:11.176,2.16277,2.16363,1.00,1.37
2015.09.01 01:00:11.493,2.16271,2.16359,1.00,1.37
2015.09.01 01:00:11.645,2.16296,2.16358,1.00,1.37
2015.09.01 01:00:11.897,2.16296,2.16357,1.00,1.00
2015.09.01 01:00:12.099,2.16271,2.16357,1.00,1.37
2015.09.01 01:00:12.150,2.16271,2.16346,1.00,1.00
2015.09.01 01:00:12.452,2.16266,2.1634,1.00,1.00
2015.09.01 01:00:12.503,2.16266,2.16346,1.00,1.37
2015.09.01 01:00:12.894,2.16267,2.16348,1.00,1.37
2015.09.01 01:00:13.095,2.16252,2.16324,1.00,1.00
2015.09.01 01:00:13.146,2.16238,2.16316,1.37,1.00
2015.09.01 01:00:13.197,2.16238,2.16316,1.37,1.00
2015.09.01 01:00:13.601,2.16237,2.16316,1.37,1.37
2015.09.01 01:00:14.148,2.16237,2.16316,1.00,1.37
2015.09.01 01:00:14.199,2.16217,2.16309,1.37,1.55
2015.09.01 01:00:14.350,2.16217,2.16296,1.37,1.00
2015.09.01 01:00:14.502,2.16206,2.16294,1.00,1.00
2015.09.01 01:00:14.704,2.16206,2.16294,1.00,1.37
2015.09.01 01:00:15.108,2.16206,2.16294,1.00,1.37
2015.09.01 01:00:15.420,2.16231,2.16296,1.00,1.37
2015.09.01 01:00:15.470,2.16231,2.16299,1.00,1.12
2015.09.01 01:00:16.579,2.16236,2.16307,1.00,1.37
2015.09.01 01:00:17.096,2.16236,2.16273,1.00,1.00
2015.09.01 01:00:17.147,2.16202,2.16268,1.00,1.00
2015.09.01 01:00:18.145,2.16202,2.16268,1.00,1.34
2015.09.01 01:00:18.419,2.16187,2.16242,1.37,1.00
2015.09.01 01:00:18.469,2.16164,2.16252,1.37,1.71
2015.09.01 01:00:18.520,2.16164,2.16252,1.37,1.37
2015.09.01 01:00:18.571,2.16171,2.16252,1.00,1.37
2015.09.01 01:00:18.925,2.16171,2.16227,1.00,1.37
2015.09.01 01:00:19.127,2.16141,2.16216,1.00,1.00
2015.09.01 01:00:19.228,2.16141,2.16204,1.00,1.00
2015.09.01 01:00:19.824,2.16141,2.16209,1.00,1.00
2015.09.01 01:00:19.875,2.16141,2.16215,1.00,1.37
2015.09.01 01:00:20.379,2.16142,2.16215,1.00,1.37
2015.09.01 01:00:21.070,2.16142,2.16199,1.00,1.00
2015.09.01 01:00:21.171,2.16115,2.16198,1.72,1.37
2015.09.01 01:00:21.474,2.16112,2.16186,1.37,1.00
2015.09.01 01:00:21.525,2.16112,2.16186,1.37,1.00
2015.09.01 01:00:21.576,2.16112,2.16181,1.37,1.00
2015.09.01 01:00:21.677,2.16112,2.16185,1.37,1.00
2015.09.01 01:00:21.778,2.16112,2.1618,1.37,1.00
2015.09.01 01:00:21.829,2.16112,2.1618,1.00,1.12
2015.09.01 01:00:21.880,2.16089,2.16179,1.87,1.00
2015.09.01 01:00:21.931,2.16089,2.16179,1.87,1.37
2015.09.01 01:00:22.083,2.16111,2.16181,1.00,1.87
2015.09.01 01:00:22.589,2.16111,2.1618,1.00,1.37
2015.09.01 01:00:23.101,2.16111,2.1618,1.00,1.55
2015.09.01 01:00:23.808,2.16111,2.16179,1.00,1.37
2015.09.01 01:00:24.450,2.16111,2.16178,1.00,1.60
2015.09.01 01:00:24.652,2.16091,2.16174,1.50,1.12
2015.09.01 01:00:24.753,2.16091,2.16174,1.50,1.12
2015.09.01 01:00:25.656,2.16089,2.16174,2.25,1.00
2015.09.01 01:00:26.141,2.16089,2.16171,1.37,1.50
2015.09.01 01:00:26.444,2.16082,2.16153,1.00,1.87
2015.09.01 01:00:26.957,2.16082,2.16148,1.00,1.37
2015.09.01 01:00:27.564,2.16082,2.16147,1.00,1.87
2015.09.01 01:00:28.396,2.16082,2.16148,1.00,1.37
2015.09.01 01:00:29.016,2.16082,2.16147,1.00,1.37
2015.09.01 01:00:29.611,2.16082,2.16147,1.00,1.37
2015.09.01 01:00:30.511,2.16082,2.16146,1.00,1.37
2015.09.01 01:00:30.612,2.1607,2.1615,1.00,1.87
2015.09.01 01:00:30.663,2.1606,2.16143,1.12,1.37
2015.09.01 01:00:30.965,2.16062,2.16143,1.00,1.37
2015.09.01 01:00:31.449,2.16064,2.16144,1.00,1.37
2015.09.01 01:00:31.675,2.16062,2.16143,1.87,1.37
2015.09.01 01:00:31.858,2.16065,2.16143,1.00,1.37
2015.09.01 01:00:33.061,2.1607,2.16142,1.00,1.37
2015.09.01 01:00:33.390,2.16066,2.16142,1.00,1.37
2015.09.01 01:00:33.994,2.16066,2.16142,1.00,1.37
2015.09.01 01:00:34.518,2.16066,2.16142,1.00,1.37
2015.09.01 01:00:34.572,2.16066,2.16127,1.00,1.00
2015.09.01 01:00:34.723,2.16056,2.16127,1.12,1.00
2015.09.01 01:00:34.874,2.16052,2.16125,1.87,1.00
2015.09.01 01:00:34.925,2.16052,2.16125,1.50,1.12
2015.09.01 01:00:35.228,2.16052,2.16125,1.00,1.37
2015.09.01 01:00:35.529,2.16052,2.16125,1.00,1.37
2015.09.01 01:00:36.387,2.16052,2.16122,1.00,1.00
2015.09.01 01:00:36.690,2.16052,2.16131,1.00,1.37
2015.09.01 01:00:37.517,2.16052,2.16123,1.00,1.00
2015.09.01 01:00:37.818,2.16076,2.16123,1.00,1.00
2015.09.01 01:00:38.019,2.16076,2.16127,1.00,1.00
2015.09.01 01:00:38.502,2.16076,2.16139,1.00,1.37
2015.09.01 01:00:39.025,2.16076,2.16137,1.00,1.37
2015.09.01 01:00:39.950,2.16076,2.16137,1.00,1.37
2015.09.01 01:00:40.474,2.16077,2.16144,1.00,1.37
2015.09.01 01:00:40.525,2.16077,2.16144,1.00,1.00
2015.09.01 01:00:40.576,2.16081,2.16152,1.00,1.37
2015.09.01 01:00:40.728,2.16081,2.16157,1.00,1.37
2015.09.01 01:00:40.779,2.16083,2.1616,1.00,1.37
2015.09.01 01:00:42.721,2.16084,2.16161,1.00,1.37
2015.09.01 01:00:42.898,2.16081,2.16159,1.00,1.37
2015.09.01 01:00:43.813,2.16083,2.16162,1.00,3.00
2015.09.01 01:00:44.135,2.1609,2.16161,1.12,1.00
2015.09.01 01:00:44.659,2.1609,2.16161,1.37,1.00
2015.09.01 01:00:45.160,2.16093,2.16161,1.00,1.00
2015.09.01 01:00:45.684,2.16097,2.16161,1.00,1.00
2015.09.01 01:00:46.065,2.16097,2.16167,1.00,1.37
2015.09.01 01:00:46.268,2.16097,2.16167,1.30,1.00
2015.09.01 01:00:46.319,2.16093,2.1617,1.50,1.00
2015.09.01 01:00:47.093,2.16091,2.16169,1.37,1.00
2015.09.01 01:00:47.295,2.16091,2.16166,1.37,1.00
2015.09.01 01:00:48.716,2.16091,2.16166,1.37,1.00
2015.09.01 01:00:49.251,2.16091,2.16166,1.37,1.00
2015.09.01 01:00:49.937,2.16088,2.16163,1.37,1.00
2015.09.01 01:00:50.046,2.16092,2.16166,1.37,1.00
2015.09.01 01:00:50.757,2.16092,2.16166,1.37,1.00
2015.09.01 01:00:51.297,2.16095,2.16166,1.37,1.00
2015.09.01 01:00:51.348,2.16095,2.16169,1.37,1.00
2015.09.01 01:00:51.449,2.16091,2.16166,2.25,1.00
2015.09.01 01:00:51.752,2.16086,2.16155,1.67,1.00
2015.09.01 01:00:51.803,2.16087,2.16159,1.37,1.00
2015.09.01 01:00:51.954,2.16087,2.1615,1.37,1.00
2015.09.01 01:00:52.156,2.16084,2.16154,1.37,1.00
2015.09.01 01:00:52.207,2.16084,2.16154,1.00,1.00
2015.09.01 01:00:52.842,2.16084,2.16158,1.00,2.62
2015.09.01 01:00:53.340,2.16081,2.16153,1.12,1.00
2015.09.01 01:00:54.198,2.16078,2.16147,1.50,1.00
2015.09.01 01:00:54.511,2.16076,2.16147,2.25,1.00
2015.09.01 01:00:54.909,2.16079,2.16151,1.50,1.00
2015.09.01 01:00:55.010,2.16082,2.16156,1.37,1.00
2015.09.01 01:00:55.214,2.16083,2.16152,1.37,1.00
2015.09.01 01:00:55.265,2.16083,2.16152,1.00,1.00
2015.09.01 01:00:55.864,2.16083,2.16155,1.23,1.37
2015.09.01 01:00:55.915,2.16085,2.16155,1.30,1.37
2015.09.01 01:00:56.117,2.16091,2.16165,1.12,1.00
2015.09.01 01:00:57.577,2.16097,2.16165,1.00,1.00
2015.09.01 01:00:57.996,2.16112,2.16177,1.00,1.00
2015.09.01 01:00:58.098,2.16112,2.16181,1.00,1.00
2015.09.01 01:00:58.300,2.16112,2.16184,1.50,1.12
2015.09.01 01:00:58.503,2.16122,2.16188,1.00,1.37
2015.09.01 01:00:58.957,2.16122,2.1619,1.00,1.12
2015.09.01 01:00:59.058,2.16137,2.1619,1.00,1.12
2015.09.01 01:00:59.380,2.16141,2.16206,1.00,1.37
2015.09.01 01:00:59.481,2.16148,2.16217,1.00,1.71
2015.09.01 01:01:00.138,2.1615,2.16218,1.00,1.50
2015.09.01 01:01:00.290,2.16153,2.16221,1.00,1.87
2015.09.01 01:01:00.703,2.16153,2.16214,1.00,1.37
2015.09.01 01:01:00.754,2.16148,2.16213,1.00,1.37
2015.09.01 01:01:00.855,2.16136,2.16202,1.00,1.00
2015.09.01 01:01:00.956,2.16136,2.16207,1.12,1.00
2015.09.01 01:01:01.057,2.16132,2.16205,2.62,1.00
2015.09.01 01:01:01.360,2.16141,2.16211,1.30,1.00
2015.09.01 01:01:01.664,2.16152,2.16216,1.55,1.00
2015.09.01 01:01:02.070,2.16154,2.16219,1.60,1.00
2015.09.01 01:01:02.121,2.16154,2.16221,1.60,1.00
2015.09.01 01:01:02.650,2.16152,2.16221,1.55,1.00
2015.09.01 01:01:03.002,2.16165,2.16221,1.00,1.00
2015.09.01 01:01:03.155,2.16165,2.16223,1.30,1.00
2015.09.01 01:01:03.532,2.16167,2.16223,1.00,1.00
2015.09.01 01:01:03.595,2.1617,2.16229,1.00,1.00
2015.09.01 01:01:03.646,2.1617,2.16231,1.00,1.00
2015.09.01 01:01:03.747,2.1617,2.16228,1.00,1.00
2015.09.01 01:01:04.051,2.16167,2.16221,1.00,1.50
2015.09.01 01:01:04.102,2.16148,2.16216,1.37,1.00
2015.09.01 01:01:04.204,2.16148,2.16216,1.00,1.00
2015.09.01 01:01:04.305,2.16152,2.16217,1.00,1.00
2015.09.01 01:01:04.802,2.16149,2.16217,1.23,1.00
2015.09.01 01:01:04.853,2.16152,2.16217,1.50,1.00
2015.09.01 01:01:05.105,2.1616,2.16226,1.00,1.00
2015.09.01 01:01:05.207,2.16163,2.16228,1.00,1.00
2015.09.01 01:01:05.510,2.16165,2.16227,1.00,1.00
2015.09.01 01:01:05.878,2.16182,2.16227,1.00,1.00
2015.09.01 01:01:05.979,2.16182,2.16231,1.00,1.85
2015.09.01 01:01:06.381,2.16182,2.16232,1.00,1.00
2015.09.01 01:01:06.642,2.16184,2.16232,1.00,1.00
2015.09.01 01:01:07.203,2.16184,2.16231,1.00,1.00
2015.09.01 01:01:08.732,2.16185,2.16231,1.00,1.00
2015.09.01 01:01:10.212,2.16185,2.1623,1.00,1.00
2015.09.01 01:01:10.713,2.16182,2.1623,1.00,1.00
2015.09.01 01:01:11.615,2.16182,2.16231,1.00,1.00
2015.09.01 01:01:11.918,2.16185,2.16231,1.00,1.00
2015.09.01 01:01:12.434,2.16185,2.16241,1.00,1.00
2015.09.01 01:01:12.636,2.16185,2.16243,1.00,1.00
2015.09.01 01:01:13.397,2.16193,2.16244,1.00,1.00
2015.09.01 01:01:13.447,2.16196,2.16255,1.00,3.37
2015.09.01 01:01:13.549,2.16196,2.16264,1.00,1.87
2015.09.01 01:01:13.599,2.16203,2.16264,1.00,1.37
2015.09.01 01:01:13.701,2.16206,2.16264,1.00,1.50
2015.09.01 01:01:13.752,2.16206,2.1626,1.00,1.00
2015.09.01 01:01:14.056,2.16209,2.16263,1.00,1.00
2015.09.01 01:01:14.604,2.16209,2.16264,1.00,1.00
2015.09.01 01:01:14.655,2.16211,2.1627,1.00,1.37
2015.09.01 01:01:14.857,2.16212,2.16274,1.00,5.62
2015.09.01 01:01:15.059,2.16212,2.16272,1.00,1.00
2015.09.01 01:01:17.373,2.16213,2.16279,1.34,1.72
2015.09.01 01:01:17.525,2.16231,2.16295,1.00,2.25
2015.09.01 01:01:17.879,2.16233,2.16296,1.00,1.50
2015.09.01 01:01:18.188,2.16247,2.16301,1.00,1.37
2015.09.01 01:01:18.239,2.16247,2.16301,1.00,1.00
2015.09.01 01:01:18.290,2.16247,2.16303,1.34,1.00
2015.09.01 01:01:18.670,2.16258,2.16314,1.00,1.68
2015.09.01 01:01:18.873,2.16261,2.16318,1.00,1.00
2015.09.01 01:01:18.923,2.16261,2.16318,1.34,1.00
2015.09.01 01:01:18.974,2.16264,2.16328,1.34,1.00
2015.09.01 01:01:19.025,2.1627,2.16328,1.84,1.00
2015.09.01 01:01:19.176,2.16277,2.16332,1.84,1.00
2015.09.01 01:01:19.681,2.16276,2.16331,1.34,1.00
2015.09.01 01:01:20.189,2.16276,2.16332,1.34,1.00
2015.09.01 01:01:20.290,2.16276,2.16332,1.00,1.00
2015.09.01 01:01:20.744,2.16276,2.16331,1.34,1.00
2015.09.01 01:01:21.047,2.16322,2.16365,1.50,1.00
2015.09.01 01:01:21.098,2.16322,2.16388,1.50,1.50
2015.09.01 01:01:21.149,2.16334,2.16388,1.00,1.00
2015.09.01 01:01:21.200,2.16334,2.16392,1.00,1.37
2015.09.01 01:01:21.301,2.16334,2.16392,1.34,1.00
2015.09.01 01:01:21.625,2.16336,2.16409,1.00,1.37
2015.09.01 01:01:21.827,2.16342,2.16391,1.00,1.00
2015.09.01 01:01:21.929,2.16337,2.16391,1.00,1.00
2015.09.01 01:01:22.131,2.16326,2.16391,1.00,1.00
2015.09.01 01:01:22.637,2.16326,2.1639,1.00,1.00
2015.09.01 01:01:23.022,2.16326,2.16387,1.00,1.00
2015.09.01 01:01:23.531,2.16326,2.16386,1.00,1.50
2015.09.01 01:01:23.683,2.16312,2.16379,1.00,1.00
2015.09.01 01:01:23.785,2.16312,2.16381,1.00,1.12
2015.09.01 01:01:23.886,2.1631,2.16383,1.12,1.00
2015.09.01 01:01:24.191,2.16312,2.16376,1.12,1.00
2015.09.01 01:01:24.733,2.16312,2.16377,1.12,2.25
2015.09.01 01:01:25.068,2.16312,2.16373,1.12,1.00
2015.09.01 01:01:26.019,2.16313,2.16372,1.12,1.00
2015.09.01 01:01:26.424,2.16314,2.16379,1.30,1.00
2015.09.01 01:01:26.886,2.16311,2.16379,1.50,1.00
2015.09.01 01:01:26.937,2.16311,2.16381,1.50,1.00
2015.09.01 01:01:27.088,2.16305,2.16353,1.37,1.00
2015.09.01 01:01:27.190,2.16302,2.16353,1.00,1.00
2015.09.01 01:01:27.342,2.16287,2.16352,1.87,1.00
2015.09.01 01:01:27.696,2.16287,2.16352,1.00,1.00
2015.09.01 01:01:28.217,2.16287,2.16351,1.00,1.00
2015.09.01 01:01:28.622,2.16278,2.16339,1.55,1.00
2015.09.01 01:01:29.308,2.16287,2.16346,1.00,1.00
2015.09.01 01:01:29.713,2.16287,2.16349,1.00,1.00
2015.09.01 01:01:29.886,2.16287,2.16342,1.00,1.50
2015.09.01 01:01:30.139,2.16266,2.16337,1.87,1.50
2015.09.01 01:01:30.190,2.16266,2.16335,1.50,1.00
2015.09.01 01:01:30.240,2.16266,2.16331,1.00,1.00
2015.09.01 01:01:30.632,2.16254,2.1631,1.00,1.00
2015.09.01 01:01:30.683,2.16244,2.1631,1.55,1.50
2015.09.01 01:01:30.734,2.16242,2.16314,1.55,1.00
2015.09.01 01:01:30.835,2.16242,2.16311,1.37,1.00
2015.09.01 01:01:31.188,2.16242,2.16308,1.37,1.00
2015.09.01 01:01:32.030,2.16242,2.16308,1.00,1.00
2015.09.01 01:01:33.404,2.16246,2.1631,1.23,1.00
2015.09.01 01:01:33.455,2.16246,2.16315,1.23,1.37
2015.09.01 01:01:33.926,2.16247,2.16311,1.00,1.00
2015.09.01 01:01:34.027,2.16243,2.16311,2.05,1.00
2015.09.01 01:01:34.148,2.16247,2.16311,1.17,1.00
2015.09.01 01:01:34.451,2.16254,2.16317,1.12,1.00
2015.09.01 01:01:34.808,2.16276,2.16335,1.00,1.00
2015.09.01 01:01:34.859,2.16276,2.1634,1.00,1.00
2015.09.01 01:01:34.960,2.16276,2.16343,1.00,1.00
2015.09.01 01:01:35.112,2.16276,2.16343,1.17,1.00
2015.09.01 01:01:35.432,2.16281,2.16346,1.12,1.00
2015.09.01 01:01:35.735,2.1631,2.16379,1.00,1.37
2015.09.01 01:01:36.052,2.1632,2.16382,1.00,1.00
2015.09.01 01:01:36.356,2.16316,2.16385,2.05,1.00
2015.09.01 01:01:36.457,2.16317,2.16384,1.17,1.00
2015.09.01 01:01:36.760,2.1632,2.16388,2.05,1.00
2015.09.01 01:01:36.811,2.16325,2.16388,1.50,1.00
2015.09.01 01:01:36.863,2.1633,2.16388,1.00,1.00
2015.09.01 01:01:37.137,2.16338,2.16401,1.00,1.37
2015.09.01 01:01:37.189,2.16338,2.16407,1.00,1.37
2015.09.01 01:01:37.240,2.16333,2.164,1.17,1.00
2015.09.01 01:01:37.342,2.16333,2.164,1.00,1.00
2015.09.01 01:01:37.545,2.16333,2.164,1.67,1.00
2015.09.01 01:01:37.999,2.1634,2.16406,1.23,1.00
2015.09.01 01:01:38.372,2.16345,2.16406,1.17,1.00
2015.09.01 01:01:38.749,2.16351,2.16406,1.00,1.00
2015.09.01 01:01:39.807,2.16363,2.16406,1.00,1.00
2015.09.01 01:01:39.858,2.16368,2.16427,1.00,1.00
2015.09.01 01:01:39.959,2.16372,2.16427,1.00,1.00
2015.09.01 01:01:40.111,2.16372,2.16439,1.00,1.00
2015.09.01 01:01:40.162,2.16374,2.16418,1.00,1.00
2015.09.01 01:01:40.516,2.16374,2.16423,1.00,1.00
2015.09.01 01:01:41.862,2.16371,2.16423,1.00,1.00
2015.09.01 01:01:41.963,2.16366,2.16423,1.17,1.00
2015.09.01 01:01:42.462,2.16363,2.16423,1.17,1.00
2015.09.01 01:01:42.720,2.16363,2.16418,1.17,1.00
2015.09.01 01:01:43.166,2.16362,2.16418,2.42,1.00
2015.09.01 01:01:43.268,2.16359,2.16418,1.37,1.00
2015.09.01 01:01:43.369,2.16359,2.16414,1.00,1.00
2015.09.01 01:01:43.878,2.16353,2.16414,1.00,1.00
2015.09.01 01:01:44.383,2.16352,2.16414,1.50,1.00
2015.09.01 01:01:45.688,2.16351,2.16414,1.00,1.00
2015.09.01 01:01:47.143,2.16346,2.16414,1.84,1.87
2015.09.01 01:01:47.295,2.16346,2.16407,1.50,1.34
2015.09.01 01:01:47.600,2.16322,2.16383,1.37,1.00
2015.09.01 01:01:47.651,2.16322,2.16383,1.00,1.00
2015.09.01 01:01:47.702,2.16317,2.16383,1.75,1.50
2015.09.01 01:01:47.755,2.16317,2.16383,1.37,1.50
2015.09.01 01:01:48.323,2.16317,2.16383,1.37,1.50
2015.09.01 01:01:48.778,2.16317,2.16383,1.55,1.00
2015.09.01 01:01:49.082,2.16323,2.16383,1.00,1.00
2015.09.01 01:01:49.455,2.16317,2.16383,1.50,1.00
2015.09.01 01:01:49.659,2.16316,2.16378,1.00,1.37
2015.09.01 01:01:49.710,2.16313,2.16374,1.00,1.00
2015.09.01 01:01:49.761,2.16309,2.16369,1.37,1.37
2015.09.01 01:01:49.811,2.16303,2.16369,1.37,1.37
2015.09.01 01:01:50.013,2.16304,2.1636,1.00,1.00
2015.09.01 01:01:50.652,2.16303,2.1636,1.00,1.00
2015.09.01 01:01:50.757,2.16303,2.16363,1.00,1.00
2015.09.01 01:01:50.959,2.16304,2.16359,1.00,1.00
2015.09.01 01:01:51.413,2.16292,2.16359,3.34,1.00
2015.09.01 01:01:51.565,2.16292,2.16359,4.09,1.00
2015.09.01 01:01:51.980,2.16295,2.16354,1.46,1.00
2015.09.01 01:01:52.184,2.16287,2.16349,1.37,1.00
2015.09.01 01:01:52.688,2.16287,2.16349,1.23,1.00
2015.09.01 01:01:52.840,2.16287,2.16354,1.50,2.80
2015.09.01 01:01:52.891,2.16291,2.16354,1.00,1.50
2015.09.01 01:01:53.360,2.16297,2.16353,1.00,1.00
2015.09.01 01:01:53.664,2.16296,2.16351,1.00,1.00
2015.09.01 01:01:53.715,2.16296,2.16353,1.00,1.00
2015.09.01 01:01:53.816,2.16289,2.16354,1.37,1.50
2015.09.01 01:01:54.371,2.16286,2.16324,1.37,1.00
2015.09.01 01:01:54.422,2.16287,2.16324,1.00,1.00
2015.09.01 01:01:55.191,2.16286,2.16324,1.00,1.00
2015.09.01 01:01:55.710,2.16284,2.16324,1.00,1.00
2015.09.01 01:01:55.812,2.16277,2.16324,1.00,1.00
2015.09.01 01:01:55.913,2.16266,2.16324,1.37,1.00
2015.09.01 01:01:56.450,2.16263,2.16324,1.37,1.00
2015.09.01 01:01:57.056,2.1626,2.16324,1.37,1.50
2015.09.01 01:01:57.157,2.1626,2.16324,1.37,1.87
2015.09.01 01:01:57.684,2.1626,2.16324,1.00,1.50
2015.09.01 01:01:58.939,2.1626,2.16324,1.12,1.37
2015.09.01 01:01:59.563,2.1626,2.16324,1.37,1.37
2015.09.01 01:02:00.192,2.16262,2.16324,1.00,1.87
2015.09.01 01:02:00.702,2.16262,2.16321,1.00,1.37
2015.09.01 01:02:00.853,2.16256,2.16318,1.50,1.00
2015.09.01 01:02:00.955,2.16256,2.16316,1.00,1.12
2015.09.01 01:02:01.258,2.16256,2.16312,1.00,1.00
2015.09.01 01:02:01.709,2.16256,2.16314,1.00,1.00
2015.09.01 01:02:01.810,2.16256,2.16318,1.00,1.00
2015.09.01 01:02:01.861,2.16262,2.16318,1.00,1.00
2015.09.01 01:02:02.387,2.16262,2.16319,1.00,1.00
2015.09.01 01:02:03.066,2.16262,2.16314,1.00,1.00
2015.09.01 01:02:03.127,2.16253,2.16314,1.00,1.00
2015.09.01 01:02:03.683,2.16252,2.16308,1.00,1.00
2015.09.01 01:02:04.087,2.16252,2.16308,1.00,1.37
2015.09.01 01:02:04.554,2.16236,2.16284,1.00,1.00
2015.09.01 01:02:04.605,2.16223,2.16284,2.21,1.00
2015.09.01 01:02:04.959,2.16223,2.16281,1.71,1.00
2015.09.01 01:02:05.464,2.16223,2.16282,1.71,1.00
2015.09.01 01:02:06.042,2.16223,2.16284,1.71,1.50
2015.09.01 01:02:06.865,2.16222,2.16285,2.21,1.00
2015.09.01 01:02:07.674,2.16221,2.16279,1.34,1.00
2015.09.01 01:02:07.776,2.16221,2.16279,1.00,1.00
2015.09.01 01:02:08.428,2.16221,2.16276,1.00,1.00
2015.09.01 01:02:08.884,2.16213,2.16263,1.00,1.00
2015.09.01 01:02:09.090,2.16205,2.16263,1.37,1.00
2015.09.01 01:02:09.661,2.16207,2.16263,1.00,1.00
2015.09.01 01:02:10.643,2.16197,2.16258,1.87,1.00
2015.09.01 01:02:11.165,2.16199,2.16258,1.37,1.00
2015.09.01 01:02:11.521,2.162,2.16258,1.37,1.00
2015.09.01 01:02:11.923,2.162,2.16258,1.71,1.00
2015.09.01 01:02:11.977,2.16202,2.16263,2.38,1.00
2015.09.01 01:02:12.180,2.16206,2.16258,1.37,1.00
2015.09.01 01:02:12.433,2.16205,2.16256,1.12,1.00
2015.09.01 01:02:13.038,2.16205,2.16256,1.37,1.00
2015.09.01 01:02:13.565,2.16205,2.16256,1.12,1.00
2015.09.01 01:02:14.107,2.16204,2.16256,1.37,1.00
2015.09.01 01:02:14.447,2.16204,2.16255,2.05,1.00
2015.09.01 01:02:14.967,2.16204,2.16255,2.05,1.00
2015.09.01 01:02:15.445,2.16204,2.16255,2.80,1.00
2015.09.01 01:02:15.981,2.16204,2.16255,2.05,1.00
2015.09.01 01:02:16.692,2.16205,2.16255,2.05,1.00
2015.09.01 01:02:17.210,2.16205,2.16255,2.05,1.00
2015.09.01 01:02:18.597,2.16205,2.16253,1.87,2.17
2015.09.01 01:02:18.652,2.1617,2.16206,1.00,1.00
2015.09.01 01:02:18.703,2.16163,2.16206,1.00,1.00
2015.09.01 01:02:18.854,2.16153,2.16206,2.25,1.00
2015.09.01 01:02:18.905,2.16153,2.1621,2.25,1.00
2015.09.01 01:02:19.108,2.16152,2.16207,1.37,1.00
2015.09.01 01:02:19.644,2.16152,2.16207,1.37,1.00
2015.09.01 01:02:20.851,2.16145,2.16204,1.55,1.00
2015.09.01 01:02:21.207,2.16151,2.16211,1.12,1.00
2015.09.01 01:02:21.409,2.16151,2.16214,1.00,1.00
2015.09.01 01:02:22.009,2.16151,2.16213,1.12,1.00
2015.09.01 01:02:22.757,2.16152,2.16213,1.00,1.50
2015.09.01 01:02:23.167,2.16162,2.16214,1.00,1.00
2015.09.01 01:02:23.218,2.16162,2.16216,1.00,1.00
2015.09.01 01:02:23.370,2.16168,2.16223,1.00,1.00
2015.09.01 01:02:23.667,2.16168,2.16219,1.00,1.00
2015.09.01 01:02:23.823,2.16165,2.16219,1.00,1.12
2015.09.01 01:02:24.026,2.16165,2.16217,1.00,1.00
2015.09.01 01:02:24.156,2.16162,2.16217,1.00,1.00
2015.09.01 01:02:24.257,2.16162,2.16219,1.00,1.00
2015.09.01 01:02:24.308,2.16162,2.16217,1.00,1.00
2015.09.01 01:02:24.921,2.16162,2.16216,1.00,1.00
2015.09.01 01:02:25.531,2.16162,2.16217,1.00,1.00
2015.09.01 01:02:26.237,2.16165,2.1622,1.00,1.00
2015.09.01 01:02:26.541,2.16172,2.16221,1.00,1.09
2015.09.01 01:02:26.693,2.16151,2.16195,1.00,1.00
2015.09.01 01:02:27.083,2.16133,2.16188,1.37,1.00
2015.09.01 01:02:27.134,2.1614,2.16188,1.00,1.00
2015.09.01 01:02:27.588,2.16143,2.16188,1.00,1.00
2015.09.01 01:02:27.875,2.1614,2.16188,1.00,1.00
2015.09.01 01:02:28.568,2.16141,2.16188,1.00,1.00
2015.09.01 01:02:30.436,2.1614,2.16188,1.00,1.00
2015.09.01 01:02:30.625,2.16147,2.16188,1.00,1.00
2015.09.01 01:02:32.306,2.16146,2.16188,1.00,1.00
2015.09.01 01:02:34.806,2.16148,2.16188,1.00,1.00
2015.09.01 01:02:35.059,2.16139,2.16188,1.60,1.00
2015.09.01 01:02:35.729,2.16139,2.16188,1.60,1.00
2015.09.01 01:02:36.243,2.16139,2.16188,1.23,1.00
2015.09.01 01:02:36.741,2.16137,2.16188,1.23,1.00
2015.09.01 01:02:36.892,2.16137,2.16188,1.17,1.00
2015.09.01 01:02:36.993,2.16137,2.16188,1.00,1.00
2015.09.01 01:02:38.483,2.16135,2.16188,1.12,1.00
2015.09.01 01:02:39.176,2.16132,2.16188,1.37,1.00
2015.09.01 01:02:39.467,2.16132,2.16188,1.00,1.00
2015.09.01 01:02:40.537,2.16135,2.16188,1.37,1.00
2015.09.01 01:02:40.840,2.16137,2.16188,1.55,1.00
2015.09.01 01:02:41.093,2.16132,2.1618,1.00,1.00
2015.09.01 01:02:41.143,2.16132,2.1618,1.37,1.00
2015.09.01 01:02:41.295,2.16145,2.16207,1.00,1.00
2015.09.01 01:02:42.444,2.16149,2.16209,1.37,1.00
2015.09.01 01:02:42.747,2.16139,2.16199,1.55,1.00
2015.09.01 01:02:43.344,2.16139,2.16197,1.55,1.00
2015.09.01 01:02:43.950,2.16141,2.16193,1.60,1.00
2015.09.01 01:02:44.452,2.16139,2.16193,1.55,1.00
2015.09.01 01:02:44.976,2.16139,2.16191,1.60,1.00
2015.09.01 01:02:45.456,2.1614,2.16191,1.37,1.00
2015.09.01 01:02:46.335,2.1614,2.16191,1.55,1.00
2015.09.01 01:02:46.505,2.1614,2.16191,1.55,1.00
2015.09.01 01:02:47.283,2.16138,2.16191,1.55,1.00
2015.09.01 01:02:47.863,2.16138,2.16191,1.55,1.00
2015.09.01 01:02:48.409,2.16138,2.16191,1.60,1.00
2015.09.01 01:02:48.920,2.16139,2.16191,1.60,1.00
2015.09.01 01:02:49.071,2.16138,2.16191,2.05,1.00
2015.09.01 01:02:49.657,2.16138,2.16194,2.05,1.00
2015.09.01 01:02:50.236,2.1614,2.16194,1.12,1.00
2015.09.01 01:02:50.834,2.1614,2.16194,1.37,1.00
2015.09.01 01:02:51.418,2.1614,2.16194,1.12,1.00
2015.09.01 01:02:52.723,2.1614,2.16197,1.12,1.00
2015.09.01 01:02:53.283,2.1614,2.16197,1.37,1.00
2015.09.01 01:02:53.823,2.16139,2.16197,1.37,1.00
2015.09.01 01:02:55.079,2.1614,2.16193,1.12,1.00
2015.09.01 01:02:55.402,2.16133,2.1619,1.37,1.00
2015.09.01 01:02:56.088,2.16135,2.1619,1.37,1.00
2015.09.01 01:02:56.998,2.16133,2.1619,1.37,1.00
2015.09.01 01:02:57.703,2.16133,2.1619,1.37,1.00
2015.09.01 01:02:58.440,2.16133,2.1619,1.37,1.00
2015.09.01 01:02:58.962,2.16133,2.1619,1.37,1.00
2015.09.01 01:02:59.164,2.16136,2.16195,1.00,1.00
2015.09.01 01:03:00.366,2.16134,2.16193,1.00,1.00
2015.09.01 01:03:00.417,2.16132,2.16193,1.50,1.00
2015.09.01 01:03:00.569,2.16132,2.1619,1.00,1.00
2015.09.01 01:03:01.388,2.16152,2.16201,1.00,1.37
2015.09.01 01:03:01.489,2.16152,2.16202,1.17,1.00
2015.09.01 01:03:01.590,2.16161,2.16202,1.00,1.00
2015.09.01 01:03:01.692,2.16166,2.16227,1.37,1.00
2015.09.01 01:03:01.743,2.16166,2.16227,1.37,1.00
2015.09.01 01:03:02.046,2.16166,2.16227,2.05,1.00
2015.09.01 01:03:02.248,2.16167,2.16227,1.50,1.00
2015.09.01 01:03:02.760,2.16167,2.16228,1.87,1.00
2015.09.01 01:03:03.199,2.16189,2.16232,1.00,1.50
2015.09.01 01:03:03.402,2.16197,2.16249,1.37,1.35
2015.09.01 01:03:03.453,2.16197,2.16253,1.55,1.35
2015.09.01 01:03:03.504,2.162,2.16253,1.37,1.00
2015.09.01 01:03:03.555,2.162,2.16262,1.55,1.00
2015.09.01 01:03:04.167,2.16197,2.16258,1.55,1.00
2015.09.01 01:03:04.621,2.16197,2.16254,1.37,1.00
2015.09.01 01:03:05.166,2.16198,2.16254,1.37,1.00
2015.09.01 01:03:05.706,2.16209,2.16264,1.87,1.00
2015.09.01 01:03:05.917,2.16214,2.16264,1.00,1.00
2015.09.01 01:03:06.221,2.16202,2.16258,1.37,1.00
2015.09.01 01:03:06.423,2.16202,2.16255,1.37,1.00
2015.09.01 01:03:07.029,2.16202,2.16255,1.37,1.00
2015.09.01 01:03:07.314,2.16208,2.16267,1.00,1.00
2015.09.01 01:03:07.366,2.1622,2.16267,1.37,1.00
2015.09.01 01:03:07.517,2.16224,2.16274,1.37,1.00
2015.09.01 01:03:07.726,2.16225,2.1628,1.87,1.00
2015.09.01 01:03:08.231,2.16221,2.1628,1.00,1.00
2015.09.01 01:03:08.282,2.16217,2.16275,1.37,1.00
2015.09.01 01:03:08.383,2.16224,2.1628,1.00,1.00
2015.09.01 01:03:08.925,2.16219,2.16275,1.87,1.00
2015.09.01 01:03:09.383,2.16219,2.16273,1.87,1.00
2015.09.01 01:03:09.733,2.16217,2.1627,1.37,1.00
2015.09.01 01:03:10.036,2.16217,2.16273,1.37,1.00
2015.09.01 01:03:10.546,2.16217,2.16274,1.37,1.00
2015.09.01 01:03:10.597,2.16246,2.16274,1.00,1.00
2015.09.01 01:03:10.698,2.16246,2.1628,1.00,1.00
2015.09.01 01:03:10.749,2.16242,2.1628,1.50,1.00
2015.09.01 01:03:10.800,2.16242,2.16284,1.50,1.50
2015.09.01 01:03:11.439,2.1624,2.16283,1.75,1.00
2015.09.01 01:03:11.540,2.1624,2.16284,1.00,1.50
2015.09.01 01:03:11.591,2.16236,2.1628,1.00,1.00
2015.09.01 01:03:11.642,2.16222,2.1628,1.37,1.00
2015.09.01 01:03:11.693,2.16223,2.16285,1.37,1.00
2015.09.01 01:03:11.745,2.16223,2.16285,1.37,1.00
2015.09.01 01:03:12.235,2.16223,2.16285,1.37,1.00
2015.09.01 01:03:12.848,2.1623,2.16285,1.55,1.00
2015.09.01 01:03:13.151,2.16234,2.16292,1.60,1.00
2015.09.01 01:03:13.354,2.1624,2.16294,1.37,1.00
2015.09.01 01:03:13.955,2.1624,2.16294,1.12,1.00
2015.09.01 01:03:14.409,2.1624,2.16291,1.37,1.00
2015.09.01 01:03:14.911,2.1624,2.16291,1.12,1.00
2015.09.01 01:03:15.639,2.16234,2.16291,1.87,1.00
2015.09.01 01:03:16.219,2.16234,2.16291,1.87,1.00
2015.09.01 01:03:16.525,2.16243,2.16291,1.00,1.00
2015.09.01 01:03:16.827,2.16247,2.163,1.37,1.00
2015.09.01 01:03:16.979,2.16253,2.16305,1.37,1.00
2015.09.01 01:03:17.189,2.16254,2.16307,1.37,1.00
2015.09.01 01:03:17.472,2.16254,2.16305,1.37,1.00
2015.09.01 01:03:17.994,2.16248,2.16305,1.37,1.00
2015.09.01 01:03:18.549,2.16248,2.16304,1.37,1.00
2015.09.01 01:03:18.906,2.16248,2.16306,1.37,1.00
2015.09.01 01:03:18.957,2.16259,2.16306,1.00,1.00
2015.09.01 01:03:19.261,2.16291,2.1633,1.00,1.00
2015.09.01 01:03:19.515,2.16291,2.16338,1.00,1.00
2015.09.01 01:03:19.717,2.16291,2.16341,1.00,1.00
2015.09.01 01:03:20.203,2.16291,2.16335,1.12,1.00
2015.09.01 01:03:20.355,2.16291,2.16338,1.00,1.00
2015.09.01 01:03:20.456,2.16291,2.16343,1.00,1.00
2015.09.01 01:03:20.897,2.16291,2.16343,1.87,1.00
2015.09.01 01:03:21.213,2.16291,2.16338,1.37,1.00
2015.09.01 01:03:21.364,2.16291,2.16342,1.37,1.00
2015.09.01 01:03:21.726,2.16293,2.1634,1.37,1.00
2015.09.01 01:03:21.931,2.16291,2.16346,1.87,1.00
2015.09.01 01:03:22.463,2.16296,2.16355,1.00,1.00
2015.09.01 01:03:23.422,2.16296,2.16355,1.37,1.00
2015.09.01 01:03:23.725,2.16306,2.16362,1.00,1.00
2015.09.01 01:03:23.776,2.16306,2.16365,1.00,1.00
2015.09.01 01:03:24.225,2.16311,2.1637,1.00,1.87
2015.09.01 01:03:24.765,2.16315,2.16373,1.00,1.00
2015.09.01 01:03:25.083,2.16315,2.16373,1.37,1.00
2015.09.01 01:03:25.384,2.16315,2.16374,1.37,1.00
2015.09.01 01:03:25.885,2.16315,2.16374,1.37,1.00
2015.09.01 01:03:26.550,2.16315,2.16374,1.37,1.00
2015.09.01 01:03:27.075,2.16337,2.16379,1.00,1.00
2015.09.01 01:03:27.177,2.16337,2.16384,1.00,1.00
2015.09.01 01:03:27.279,2.16337,2.16387,1.00,1.50
2015.09.01 01:03:27.431,2.16318,2.16375,1.37,1.00
2015.09.01 01:03:27.734,2.16307,2.16347,1.37,1.00
2015.09.01 01:03:27.835,2.16311,2.16347,1.37,1.00
2015.09.01 01:03:28.144,2.16294,2.16349,1.37,1.00
2015.09.01 01:03:28.245,2.16292,2.16349,1.37,1.00
2015.09.01 01:03:28.296,2.16292,2.16344,1.37,1.00
2015.09.01 01:03:28.599,2.16292,2.16344,1.37,1.00
2015.09.01 01:03:28.700,2.16292,2.16344,1.37,1.00
2015.09.01 01:03:28.751,2.16292,2.16341,1.37,1.00
2015.09.01 01:03:29.053,2.16292,2.16337,1.37,1.00
2015.09.01 01:03:29.266,2.16292,2.16339,1.37,1.00
2015.09.01 01:03:29.808,2.16292,2.1634,1.37,1.00
2015.09.01 01:03:30.372,2.16292,2.16338,1.37,1.00
2015.09.01 01:03:30.574,2.16292,2.16345,1.37,1.00
2015.09.01 01:03:30.827,2.16292,2.1634,1.37,1.00
2015.09.01 01:03:31.281,2.16292,2.16334,1.37,1.00
2015.09.01 01:03:31.332,2.16292,2.16334,1.37,1.00
2015.09.01 01:03:32.059,2.16292,2.16334,1.37,1.00
2015.09.01 01:03:32.361,2.16292,2.1634,1.37,1.00
2015.09.01 01:03:32.782,2.16292,2.16343,1.37,1.00
2015.09.01 01:03:33.510,2.16292,2.16343,1.37,1.00
2015.09.01 01:03:34.265,2.16292,2.16343,1.37,1.00
2015.09.01 01:03:35.539,2.16292,2.16343,1.37,1.00
2015.09.01 01:03:36.126,2.16292,2.16343,1.37,1.00
2015.09.01 01:03:36.328,2.16292,2.16343,1.00,1.00
2015.09.01 01:03:36.429,2.16292,2.16346,1.00,1.00
2015.09.01 01:03:36.642,2.16307,2.16351,1.00,1.37
2015.09.01 01:03:37.022,2.16307,2.16354,1.00,1.00
2015.09.01 01:03:37.073,2.16307,2.16358,1.00,1.00
2015.09.01 01:03:37.175,2.16307,2.16363,1.00,1.00
2015.09.01 01:03:37.327,2.16307,2.16366,1.50,1.00
2015.09.01 01:03:37.631,2.16309,2.1637,1.00,1.00
2015.09.01 01:03:37.833,2.16309,2.1637,2.05,1.00
2015.09.01 01:03:38.377,2.16327,2.16385,1.00,1.37
2015.09.01 01:03:38.680,2.16329,2.16389,1.00,1.37
2015.09.01 01:03:38.983,2.16326,2.16386,1.00,1.37
2015.09.01 01:03:39.732,2.16327,2.16385,1.00,1.12
2015.09.01 01:03:39.783,2.16323,2.16377,1.00,1.00
2015.09.01 01:03:39.935,2.16306,2.16364,1.00,1.00
2015.09.01 01:03:40.440,2.16307,2.16366,1.00,1.87
2015.09.01 01:03:40.994,2.16307,2.16366,1.00,1.87
2015.09.01 01:03:41.045,2.16307,2.16363,1.00,1.00
2015.09.01 01:03:42.361,2.16307,2.16366,1.00,1.87
2015.09.01 01:03:42.966,2.16307,2.16365,1.00,1.37
2015.09.01 01:03:43.611,2.16307,2.16359,1.00,1.00
2015.09.01 01:03:44.555,2.16307,2.1636,1.00,1.00
2015.09.01 01:03:45.916,2.16307,2.16359,1.00,1.00
2015.09.01 01:03:46.744,2.16307,2.1636,1.00,1.12
2015.09.01 01:03:47.308,2.16292,2.16345,1.00,1.00
2015.09.01 01:03:47.611,2.16292,2.16342,1.00,1.00
2015.09.01 01:03:47.713,2.16277,2.16336,1.87,1.00
2015.09.01 01:03:47.966,2.16274,2.16333,1.37,1.00
2015.09.01 01:03:48.017,2.16273,2.16333,1.50,1.37
2015.09.01 01:03:48.068,2.16268,2.16327,1.37,1.00
2015.09.01 01:03:48.320,2.16258,2.16318,1.00,1.00
2015.09.01 01:03:48.576,2.16266,2.16324,1.00,1.00
2015.09.01 01:03:49.080,2.16265,2.16323,1.00,1.00
2015.09.01 01:03:50.296,2.16268,2.16323,1.00,1.00
2015.09.01 01:03:50.600,2.16268,2.16321,1.00,1.00
2015.09.01 01:03:51.056,2.16271,2.16321,1.00,1.00
2015.09.01 01:03:52.485,2.16268,2.16321,1.00,1.10
2015.09.01 01:03:52.738,2.16268,2.16324,1.00,1.00
2015.09.01 01:03:52.840,2.16271,2.16324,1.00,1.00
2015.09.01 01:03:53.247,2.16271,2.16329,1.00,1.00
2015.09.01 01:03:53.790,2.16271,2.1633,1.00,1.50
2015.09.01 01:03:54.606,2.16271,2.16323,1.00,1.00
2015.09.01 01:03:55.248,2.16271,2.16322,1.00,1.00
2015.09.01 01:03:55.566,2.16273,2.16322,1.00,1.00
2015.09.01 01:03:56.541,2.16273,2.16316,1.00,1.00
2015.09.01 01:03:56.693,2.16268,2.16315,1.00,1.00
2015.09.01 01:03:56.895,2.16255,2.16316,1.00,1.50
2015.09.01 01:03:56.997,2.16261,2.16315,1.00,1.00
2015.09.01 01:03:57.300,2.16263,2.16316,1.00,1.00
2015.09.01 01:03:57.350,2.16254,2.16314,1.00,1.00
2015.09.01 01:03:57.401,2.16254,2.16314,1.75,1.00
2015.09.01 01:03:57.732,2.16262,2.16315,1.00,1.00
2015.09.01 01:03:58.056,2.16264,2.16315,1.00,1.00
2015.09.01 01:03:58.568,2.16264,2.16316,1.00,1.00
2015.09.01 01:03:59.444,2.16268,2.16316,1.00,1.00
2015.09.01 01:03:59.495,2.16268,2.1632,1.17,1.00
2015.09.01 01:03:59.546,2.16268,2.16323,1.67,1.00
2015.09.01 01:03:59.597,2.16268,2.16323,2.42,1.00
2015.09.01 01:03:59.851,2.16273,2.16327,1.12,1.00
2015.09.01 01:03:59.952,2.16273,2.16331,1.00,1.00
2015.09.01 01:04:00.053,2.16273,2.16326,1.00,1.00
2015.09.01 01:04:00.104,2.16271,2.16326,1.00,1.00
2015.09.01 01:04:00.206,2.16265,2.16323,1.00,1.00
2015.09.01 01:04:00.691,2.16265,2.16321,1.00,1.00
2015.09.01 01:04:00.742,2.16262,2.1632,1.00,1.00
2015.09.01 01:04:00.843,2.16257,2.16314,1.00,1.00
2015.09.01 01:04:01.046,2.16261,2.16321,1.12,1.00
2015.09.01 01:04:01.097,2.16266,2.16321,1.00,1.00
2015.09.01 01:04:01.198,2.16268,2.16326,1.00,1.37
2015.09.01 01:04:01.300,2.1627,2.1633,1.00,1.37
2015.09.01 01:04:01.552,2.1627,2.16328,1.00,1.00
2015.09.01 01:04:01.755,2.16269,2.16328,1.00,2.62
2015.09.01 01:04:01.856,2.16262,2.16323,1.00,1.00
2015.09.01 01:04:02.823,2.16275,2.16325,1.00,1.00
2015.09.01 01:04:02.975,2.16275,2.16327,1.00,1.00
2015.09.01 01:04:03.076,2.16267,2.16326,1.00,1.00
2015.09.01 01:04:03.177,2.16268,2.16329,1.00,1.12
2015.09.01 01:04:03.580,2.16267,2.16326,1.00,1.00
2015.09.01 01:04:04.015,2.16269,2.16328,1.00,1.00
2015.09.01 01:04:04.330,2.16267,2.16326,1.00,1.37
2015.09.01 01:04:04.835,2.16267,2.16326,1.00,1.37
2015.09.01 01:04:05.691,2.16267,2.16326,1.00,1.37
2015.09.01 01:04:06.383,2.16265,2.16324,1.00,1.12
2015.09.01 01:04:06.485,2.16263,2.16322,1.00,1.00
2015.09.01 01:04:08.243,2.16263,2.16322,1.00,1.37
2015.09.01 01:04:08.446,2.16254,2.16312,1.00,1.00
2015.09.01 01:04:08.547,2.16254,2.16312,1.00,1.37
2015.09.01 01:04:08.984,2.16248,2.16306,1.67,1.00
2015.09.01 01:04:09.085,2.16251,2.16309,1.42,1.12
2015.09.01 01:04:09.609,2.1625,2.1631,1.67,1.12
2015.09.01 01:04:09.761,2.16254,2.16312,1.00,1.00
2015.09.01 01:04:11.383,2.16253,2.16313,1.00,1.00
2015.09.01 01:04:13.398,2.16251,2.16309,1.00,1.50
2015.09.01 01:04:13.701,2.16248,2.16306,1.67,1.00
2015.09.01 01:04:14.005,2.16244,2.16304,2.55,1.00
2015.09.01 01:04:14.257,2.16261,2.1632,1.50,1.80
2015.09.01 01:04:14.740,2.16261,2.16317,1.00,1.00
2015.09.01 01:04:15.802,2.16262,2.16319,1.00,1.05
2015.09.01 01:04:16.487,2.16261,2.16318,1.00,1.00
2015.09.01 01:04:17.013,2.16262,2.16319,1.37,1.00
2015.09.01 01:04:17.316,2.16277,2.1633,1.37,1.37
2015.09.01 01:04:17.418,2.16277,2.16333,1.75,1.12
2015.09.01 01:04:18.755,2.16283,2.16335,1.00,1.37
2015.09.01 01:04:18.806,2.16285,2.16337,1.26,1.37
2015.09.01 01:04:18.908,2.16292,2.16337,1.00,1.00
2015.09.01 01:04:18.959,2.16292,2.16341,1.00,1.00
2015.09.01 01:04:19.110,2.16289,2.16341,1.00,1.00
2015.09.01 01:04:19.776,2.16289,2.16339,1.00,1.00
2015.09.01 01:04:20.409,2.16289,2.16338,1.00,1.00
2015.09.01 01:04:22.515,2.16277,2.16335,1.75,1.37
2015.09.01 01:04:22.616,2.16276,2.16331,1.50,1.75
2015.09.01 01:04:22.717,2.16276,2.16325,1.00,1.75
2015.09.01 01:04:23.328,2.16277,2.16323,1.00,1.75
2015.09.01 01:04:26.400,2.16262,2.16319,1.75,1.87
2015.09.01 01:04:26.501,2.16261,2.16314,1.50,1.00
2015.09.01 01:04:27.002,2.16261,2.16313,1.50,1.00
2015.09.01 01:04:30.027,2.16261,2.16312,1.50,1.00
2015.09.01 01:04:30.129,2.16261,2.16309,1.00,1.50
2015.09.01 01:04:30.432,2.16261,2.16302,1.12,1.00
2015.09.01 01:04:31.868,2.1625,2.16302,1.87,1.00
2015.09.01 01:04:31.969,2.16249,2.16302,1.00,1.00
2015.09.01 01:04:32.020,2.16247,2.163,1.00,1.80
2015.09.01 01:04:32.350,2.16247,2.16294,1.00,1.75
2015.09.01 01:04:35.009,2.16247,2.16284,1.00,1.00
2015.09.01 01:04:35.059,2.16231,2.16284,1.87,1.17
2015.09.01 01:04:35.110,2.16231,2.16284,1.75,1.22
2015.09.01 01:04:35.161,2.16222,2.16277,1.75,1.00
2015.09.01 01:04:35.262,2.16222,2.16277,1.00,1.98
2015.09.01 01:04:35.818,2.16217,2.16272,1.37,1.75
2015.09.01 01:04:35.869,2.16217,2.16272,1.00,1.75
2015.09.01 01:04:36.208,2.16232,2.16275,1.00,1.12
2015.09.01 01:04:39.024,2.16232,2.16281,1.34,1.75
2015.09.01 01:04:39.328,2.16261,2.16298,1.00,1.75
2015.09.01 01:04:40.123,2.16248,2.16298,1.00,1.75
2015.09.01 01:04:40.325,2.16247,2.16294,1.00,1.87
2015.09.01 01:04:40.830,2.16247,2.16288,1.00,1.50
2015.09.01 01:04:41.148,2.16231,2.16282,1.87,1.00
2015.09.01 01:04:41.199,2.16231,2.16282,1.00,1.75
2015.09.01 01:04:42.122,2.16231,2.16275,1.00,1.00
2015.09.01 01:04:42.425,2.16231,2.16275,1.00,1.75
2015.09.01 01:04:43.812,2.16231,2.1627,1.00,1.00
2015.09.01 01:04:45.075,2.16231,2.1627,1.00,1.87
2015.09.01 01:04:45.644,2.16231,2.1627,1.00,1.50
2015.09.01 01:04:46.330,2.16231,2.1626,1.00,1.00
2015.09.01 01:04:46.633,2.16231,2.16267,1.00,1.00
2015.09.01 01:04:48.152,2.16231,2.16271,1.00,1.00
2015.09.01 01:04:51.259,2.16247,2.16285,1.00,1.00
2015.09.01 01:04:51.562,2.16241,2.16286,1.12,1.00
2015.09.01 01:04:51.663,2.16236,2.16275,1.00,1.00
2015.09.01 01:04:53.338,2.16236,2.16278,1.00,1.00
2015.09.01 01:04:55.485,2.16235,2.16283,1.50,1.00
2015.09.01 01:04:56.799,2.16235,2.16283,1.87,1.35
2015.09.01 01:04:57.369,2.16236,2.16283,1.00,1.00
2015.09.01 01:05:04.564,2.16235,2.1628,1.37,1.00
2015.09.01 01:05:04.896,2.16235,2.16277,1.37,1.00
2015.09.01 01:05:06.592,2.16231,2.16277,1.00,1.00
2015.09.01 01:05:07.313,2.16231,2.16276,1.12,1.00
2015.09.01 01:05:09.429,2.16231,2.16278,1.00,1.10
2015.09.01 01:05:10.565,2.16231,2.16278,1.00,1.35
2015.09.01 01:05:11.513,2.16233,2.16277,1.12,1.10
2015.09.01 01:05:12.055,2.16233,2.16277,1.12,1.10
2015.09.01 01:05:12.609,2.16233,2.16277,1.12,1.00
2015.09.01 01:05:13.155,2.16233,2.16277,1.12,1.00
2015.09.01 01:05:13.484,2.16231,2.16275,1.87,1.00
2015.09.01 01:05:14.623,2.16233,2.16275,1.12,1.00
2015.09.01 01:05:14.826,2.16231,2.16276,1.00,1.00
2015.09.01 01:05:15.494,2.16231,2.16274,1.00,1.00
2015.09.01 01:05:16.017,2.16231,2.16274,1.00,1.50
2015.09.01 01:05:17.290,2.16231,2.16272,1.00,1.00
2015.09.01 01:05:17.610,2.16231,2.16272,1.00,1.75
2015.09.01 01:05:17.866,2.16218,2.16265,1.37,1.00
2015.09.01 01:05:17.917,2.16217,2.16255,1.00,1.87
2015.09.01 01:05:18.018,2.16208,2.16249,1.00,1.12
2015.09.01 01:05:18.069,2.16202,2.16246,1.75,1.00
2015.09.01 01:05:18.120,2.16202,2.16244,1.00,1.00
2015.09.01 01:05:18.222,2.16202,2.16242,1.00,1.00
2015.09.01 01:05:18.685,2.16202,2.16237,1.00,1.00
2015.09.01 01:05:23.504,2.16202,2.16242,1.00,1.00
2015.09.01 01:05:23.606,2.16202,2.16237,1.00,1.00
2015.09.01 01:05:23.943,2.16171,2.16205,1.00,1.50
2015.09.01 01:05:23.994,2.16164,2.16203,1.00,1.37
2015.09.01 01:05:24.045,2.16158,2.16203,1.00,1.37
2015.09.01 01:05:24.096,2.16158,2.16203,1.00,1.00
2015.09.01 01:05:24.197,2.16144,2.16202,1.75,1.12
2015.09.01 01:05:24.248,2.16137,2.16194,1.80,1.75
2015.09.01 01:05:24.551,2.16141,2.162,1.42,1.87
2015.09.01 01:05:24.804,2.16145,2.162,1.75,1.37
2015.09.01 01:05:25.106,2.16162,2.16215,1.50,1.72
2015.09.01 01:05:25.157,2.16162,2.16215,1.50,1.72
2015.09.01 01:05:25.460,2.16168,2.1621,1.50,1.00
2015.09.01 01:05:25.763,2.16164,2.16211,1.00,1.00
2015.09.01 01:05:26.424,2.16162,2.16211,1.00,1.00
2015.09.01 01:05:26.954,2.16163,2.1621,1.00,1.00
2015.09.01 01:05:27.466,2.16162,2.1621,2.25,1.00
2015.09.01 01:05:29.045,2.16168,2.1621,1.00,1.00
2015.09.01 01:05:29.454,2.16173,2.16214,1.75,1.00
2015.09.01 01:05:29.663,2.1617,2.16214,1.00,1.00
2015.09.01 01:05:29.815,2.16168,2.16214,1.00,1.00
2015.09.01 01:05:31.971,2.16168,2.16213,1.00,1.00
2015.09.01 01:05:32.173,2.16168,2.16201,1.00,1.00
2015.09.01 01:05:32.541,2.16155,2.16212,1.75,1.50
2015.09.01 01:05:32.601,2.16151,2.16205,1.42,1.12
2015.09.01 01:05:33.430,2.1615,2.16206,1.42,1.10
2015.09.01 01:05:33.683,2.16158,2.16212,1.12,1.10
2015.09.01 01:05:33.734,2.16164,2.16213,1.00,1.35
2015.09.01 01:05:34.169,2.16164,2.16204,1.00,1.00
2015.09.01 01:05:34.270,2.16151,2.16204,2.55,1.10
2015.09.01 01:05:34.371,2.16151,2.16202,1.87,1.00
2015.09.01 01:05:34.473,2.16145,2.16197,1.00,1.12
2015.09.01 01:05:34.574,2.16137,2.16189,1.42,1.00
2015.09.01 01:05:34.927,2.16131,2.16189,2.25,1.37
2015.09.01 01:05:34.978,2.16131,2.16189,1.50,1.75
2015.09.01 01:05:35.317,2.16125,2.16179,1.05,1.12
2015.09.01 01:05:35.570,2.16117,2.16179,1.75,1.50
2015.09.01 01:05:35.671,2.16115,2.16167,1.12,1.00
2015.09.01 01:05:35.975,2.16099,2.16158,1.37,1.42
2015.09.01 01:05:36.914,2.161,2.16158,1.12,1.42
2015.09.01 01:05:37.671,2.16106,2.16158,1.00,1.42
2015.09.01 01:05:42.418,2.16097,2.16154,1.00,1.00
2015.09.01 01:05:42.973,2.16097,2.16155,1.00,1.00
2015.09.01 01:05:45.024,2.16097,2.16156,1.50,1.00
2015.09.01 01:05:45.549,2.16102,2.16159,1.00,1.80
2015.09.01 01:05:45.802,2.16114,2.16173,1.00,1.00
2015.09.01 01:05:45.903,2.16124,2.16173,1.00,1.00
2015.09.01 01:05:46.005,2.16128,2.16187,1.00,1.00
2015.09.01 01:05:46.106,2.16135,2.16196,1.00,1.87
2015.09.01 01:05:46.157,2.16135,2.16196,1.00,1.50
2015.09.01 01:05:46.675,2.16129,2.16191,1.00,1.00
2015.09.01 01:05:46.790,2.16135,2.16196,1.00,1.00
2015.09.01 01:05:47.094,2.16122,2.16179,1.00,1.00
2015.09.01 01:05:47.448,2.16117,2.16175,1.67,1.00
2015.09.01 01:05:47.959,2.16116,2.16176,2.92,1.00
2015.09.01 01:05:48.452,2.16119,2.16178,1.67,1.00
2015.09.01 01:05:48.604,2.16129,2.16182,1.00,1.87
2015.09.01 01:05:48.983,2.16119,2.16181,1.67,1.37
2015.09.01 01:05:49.506,2.16121,2.16181,1.05,1.37
2015.09.01 01:05:50.214,2.1612,2.16181,1.05,1.37
2015.09.01 01:05:50.628,2.16121,2.16178,1.05,1.00
2015.09.01 01:05:51.718,2.1612,2.16177,1.05,1.00
2015.09.01 01:05:52.518,2.16121,2.16177,1.05,1.00
2015.09.01 01:05:52.868,2.16121,2.16177,1.67,1.75
2015.09.01 01:05:53.264,2.16121,2.16172,1.67,1.00
2015.09.01 01:05:54.624,2.16121,2.16172,1.05,1.00
2015.09.01 01:05:54.933,2.16118,2.16172,1.75,1.00
2015.09.01 01:05:55.439,2.16116,2.16171,1.12,1.00
2015.09.01 01:05:55.490,2.1611,2.16166,2.92,1.00
2015.09.01 01:05:55.591,2.16107,2.16159,1.75,1.00
2015.09.01 01:05:55.642,2.16105,2.16151,1.87,1.00
2015.09.01 01:05:55.693,2.161,2.16151,1.42,1.00
2015.09.01 01:05:55.794,2.16097,2.16153,1.12,1.75
2015.09.01 01:05:55.996,2.16097,2.16146,1.12,1.00
2015.09.01 01:05:56.507,2.16092,2.16147,1.42,1.00
2015.09.01 01:05:57.011,2.16091,2.16146,1.42,1.00
2015.09.01 01:05:57.213,2.16088,2.16146,1.50,1.75
2015.09.01 01:05:57.314,2.16085,2.16142,2.25,1.00
2015.09.01 01:05:57.819,2.16084,2.16129,1.75,1.00
2015.09.01 01:05:57.920,2.16087,2.16145,1.12,1.75
2015.09.01 01:05:58.340,2.16089,2.16147,1.87,1.42
2015.09.01 01:05:58.643,2.16087,2.16138,1.12,1.12
2015.09.01 01:05:58.694,2.16087,2.16138,1.00,1.75
2015.09.01 01:05:58.896,2.16077,2.16129,1.42,1.87
2015.09.01 01:05:59.369,2.16067,2.16118,1.42,1.00
2015.09.01 01:05:59.520,2.16061,2.16115,1.00,1.75
2015.09.01 01:05:59.875,2.16051,2.16105,1.42,1.00
2015.09.01 01:06:00.178,2.16055,2.16114,1.75,1.12
2015.09.01 01:06:00.229,2.16056,2.16115,1.12,1.00
2015.09.01 01:06:00.791,2.16059,2.16117,1.00,1.00
2015.09.01 01:06:01.099,2.16061,2.16117,1.00,1.00
2015.09.01 01:06:01.401,2.16061,2.1612,1.00,1.37
2015.09.01 01:06:01.452,2.16063,2.1612,1.00,1.37
2015.09.01 01:06:01.755,2.16074,2.16127,1.37,1.00
2015.09.01 01:06:01.856,2.16078,2.16132,1.00,1.00
2015.09.01 01:06:01.907,2.1608,2.16132,1.12,1.00
2015.09.01 01:06:01.958,2.16085,2.16147,1.75,1.75
2015.09.01 01:06:02.307,2.16085,2.16147,3.75,1.50
2015.09.01 01:06:10.536,2.16086,2.16143,1.98,1.00
2015.09.01 01:06:10.846,2.16088,2.16146,1.75,1.12
2015.09.01 01:06:11.833,2.16088,2.16145,1.75,1.00
2015.09.01 01:06:13.837,2.16089,2.16146,1.75,1.12
2015.09.01 01:06:14.194,2.16086,2.16143,1.87,1.00
2015.09.01 01:06:14.357,2.16086,2.16139,1.87,1.00
2015.09.01 01:06:14.655,2.16086,2.16137,1.00,1.00
2015.09.01 01:06:15.294,2.16086,2.16138,1.00,1.00
2015.09.01 01:06:15.597,2.16086,2.16135,1.00,1.00
2015.09.01 01:06:16.047,2.16086,2.16137,1.00,1.00
2015.09.01 01:06:16.350,2.16086,2.16139,1.00,1.00
2015.09.01 01:06:18.021,2.16086,2.16138,1.00,1.00
2015.09.01 01:06:18.533,2.16086,2.16139,1.00,1.00
2015.09.01 01:06:19.104,2.16086,2.16137,1.00,1.00
2015.09.01 01:06:22.079,2.16086,2.16134,1.00,1.00
2015.09.01 01:06:22.426,2.16086,2.16139,1.50,1.50
2015.09.01 01:06:24.183,2.16087,2.16139,1.00,1.00
2015.09.01 01:06:24.837,2.16087,2.16139,1.37,1.00
2015.09.01 01:06:25.703,2.16087,2.16139,1.37,1.00
2015.09.01 01:06:25.904,2.16087,2.16139,1.00,1.00
2015.09.01 01:06:27.059,2.16086,2.16139,1.00,1.00
2015.09.01 01:06:29.077,2.16086,2.16139,1.50,1.00
2015.09.01 01:06:29.380,2.16106,2.16149,1.37,1.00
2015.09.01 01:06:29.730,2.16106,2.16158,1.87,1.67
2015.09.01 01:06:29.832,2.16106,2.16155,1.12,1.05
2015.09.01 01:06:29.882,2.16099,2.16152,1.00,1.00
2015.09.01 01:06:30.894,2.16099,2.16147,1.00,1.00
2015.09.01 01:06:31.197,2.16094,2.16141,1.37,1.00
2015.09.01 01:06:31.780,2.16094,2.16141,1.37,1.00
2015.09.01 01:06:32.306,2.16094,2.16141,1.37,1.00
2015.09.01 01:06:32.408,2.16096,2.16151,1.12,1.87
2015.09.01 01:06:32.931,2.16095,2.1615,1.12,1.00
2015.09.01 01:06:44.355,2.16104,2.16154,1.00,1.75
2015.09.01 01:06:44.457,2.16106,2.16154,1.30,1.00
2015.09.01 01:06:44.507,2.16112,2.16158,1.12,1.37
2015.09.01 01:06:44.558,2.16112,2.16169,1.50,1.87
2015.09.01 01:06:46.413,2.16109,2.16167,2.62,1.92
2015.09.01 01:06:46.565,2.16096,2.16153,2.81,1.75
2015.09.01 01:06:46.616,2.16096,2.16152,1.00,2.62
2015.09.01 01:06:46.667,2.16092,2.16141,1.00,1.00
2015.09.01 01:06:46.718,2.16089,2.16141,1.00,1.00
2015.09.01 01:06:48.119,2.16087,2.16146,1.37,2.17
2015.09.01 01:06:48.372,2.16081,2.1614,1.87,1.75
2015.09.01 01:06:48.788,2.16077,2.16129,1.50,1.12
2015.09.01 01:06:48.839,2.16077,2.16129,1.12,1.37
2015.09.01 01:06:48.941,2.16071,2.16125,1.00,1.75
2015.09.01 01:06:51.819,2.16091,2.16123,1.00,1.50
2015.09.01 01:06:51.869,2.16091,2.16133,1.00,1.37
2015.09.01 01:06:51.920,2.16086,2.16134,1.75,1.00
2015.09.01 01:06:51.971,2.16086,2.16129,1.75,1.00
2015.09.01 01:06:52.274,2.16085,2.1612,1.00,1.00
2015.09.01 01:06:52.325,2.16075,2.1612,1.50,1.00
2015.09.01 01:06:52.376,2.16075,2.16113,1.00,1.00
2015.09.01 01:06:52.748,2.16075,2.1611,1.00,1.00
2015.09.01 01:06:52.800,2.16066,2.1611,1.42,1.00
2015.09.01 01:06:53.278,2.16065,2.16108,1.42,1.00
2015.09.01 01:06:53.430,2.16067,2.16117,1.75,1.00
2015.09.01 01:06:53.481,2.16067,2.16121,1.75,1.37
2015.09.01 01:06:53.582,2.16067,2.16122,1.75,1.50
2015.09.01 01:06:53.683,2.16065,2.16114,1.80,1.00
2015.09.01 01:06:53.990,2.16065,2.16109,1.05,1.00
2015.09.01 01:06:54.041,2.16057,2.16109,2.17,1.00
2015.09.01 01:06:54.378,2.16057,2.16109,1.05,1.87
2015.09.01 01:06:54.480,2.16057,2.16109,1.42,1.50
2015.09.01 01:06:54.833,2.16063,2.16109,1.87,1.50
2015.09.01 01:06:54.884,2.16067,2.16117,1.75,1.00
2015.09.01 01:06:55.273,2.1607,2.16103,1.37,1.00
2015.09.01 01:06:55.324,2.16062,2.16102,1.75,1.00
2015.09.01 01:06:55.476,2.16055,2.16102,1.00,1.00
2015.09.01 01:06:55.577,2.16053,2.16103,1.00,1.34
2015.09.01 01:06:55.628,2.16053,2.16089,1.00,1.00
2015.09.01 01:06:57.860,2.16053,2.16099,1.00,1.00
2015.09.01 01:07:01.378,2.16053,2.16104,1.00,1.00
2015.09.01 01:07:01.576,2.16049,2.16104,1.87,1.00
2015.09.01 01:07:01.879,2.16058,2.16113,2.17,1.00
2015.09.01 01:07:02.131,2.16058,2.16119,2.92,1.87
2015.09.01 01:07:05.136,2.16062,2.16119,1.75,1.35
2015.09.01 01:07:05.940,2.16064,2.1612,1.75,1.37
2015.09.01 01:07:06.821,2.1607,2.16124,1.00,1.12
2015.09.01 01:07:08.503,2.16075,2.16128,1.12,1.42
2015.09.01 01:07:09.919,2.16085,2.16134,1.00,1.12
2015.09.01 01:07:10.020,2.16087,2.16138,1.00,1.75
2015.09.01 01:07:10.071,2.16117,2.16139,1.00,1.37
2015.09.01 01:07:10.350,2.16117,2.16139,1.00,1.00
2015.09.01 01:07:10.403,2.16127,2.1617,1.00,1.75
2015.09.01 01:07:10.504,2.16127,2.16179,1.00,2.17
2015.09.01 01:07:10.605,2.16125,2.16179,1.00,1.42
2015.09.01 01:07:10.706,2.16124,2.16185,3.00,1.75
2015.09.01 01:07:12.163,2.16128,2.16182,1.75,1.00
2015.09.01 01:07:12.672,2.16129,2.16185,1.75,1.12
2015.09.01 01:07:15.831,2.16129,2.1618,1.75,1.00
2015.09.01 01:07:16.333,2.16128,2.16173,1.75,1.00
2015.09.01 01:07:17.382,2.16131,2.16185,1.12,1.12
2015.09.01 01:07:19.686,2.16167,2.16188,1.00,1.42
2015.09.01 01:07:19.743,2.16167,2.16202,1.87,1.67
2015.09.01 01:07:19.794,2.16167,2.16202,1.87,1.00
2015.09.01 01:07:19.845,2.16182,2.16224,1.00,1.00
2015.09.01 01:07:19.946,2.16182,2.16233,1.00,1.00
2015.09.01 01:07:20.048,2.16182,2.1624,1.50,1.87
2015.09.01 01:07:20.199,2.16187,2.1624,1.00,1.50
2015.09.01 01:07:20.401,2.16182,2.1624,1.00,1.00
2015.09.01 01:07:20.947,2.16185,2.16239,1.00,1.00
2015.09.01 01:07:21.048,2.16185,2.16243,1.00,1.00
2015.09.01 01:07:21.549,2.16186,2.16243,1.00,1.00
2015.09.01 01:07:22.972,2.16186,2.16242,1.00,1.00
2015.09.01 01:07:23.202,2.16186,2.16242,1.00,1.37
2015.09.01 01:07:23.806,2.16186,2.16242,1.00,1.37
2015.09.01 01:07:25.008,2.16186,2.16242,1.00,1.37
2015.09.01 01:07:25.644,2.16186,2.16242,1.00,1.37
2015.09.01 01:07:26.375,2.16184,2.16241,1.00,1.37
2015.09.01 01:07:26.628,2.16179,2.16237,1.00,1.00
2015.09.01 01:07:26.881,2.16176,2.16237,1.00,1.00
2015.09.01 01:07:27.437,2.16176,2.16236,1.00,1.00
2015.09.01 01:07:29.720,2.16176,2.16236,1.00,1.87
2015.09.01 01:07:30.550,2.16176,2.16236,1.00,1.87
2015.09.01 01:07:31.064,2.16176,2.16236,1.00,1.87
2015.09.01 01:07:31.625,2.16176,2.16236,1.00,1.87
2015.09.01 01:07:32.150,2.16176,2.16236,1.00,1.87
2015.09.01 01:07:32.931,2.16176,2.16236,1.00,1.87
2015.09.01 01:07:33.482,2.16176,2.16236,1.00,1.87
2015.09.01 01:07:34.143,2.16176,2.16236,1.00,1.87
2015.09.01 01:07:34.432,2.16179,2.16236,1.00,1.87
2015.09.01 01:07:34.896,2.16167,2.16225,1.55,1.00
2015.09.01 01:07:34.946,2.16167,2.16225,1.00,1.37
2015.09.01 01:07:35.098,2.16164,2.16225,1.37,1.12
2015.09.01 01:07:35.149,2.16164,2.16221,1.37,1.00
2015.09.01 01:07:35.691,2.16165,2.16221,1.37,1.00
2015.09.01 01:07:36.145,2.16165,2.16225,1.00,1.37
2015.09.01 01:07:37.818,2.16165,2.16223,1.00,1.00
2015.09.01 01:07:39.356,2.16165,2.16213,1.00,1.00
2015.09.01 01:07:39.608,2.16152,2.16205,1.00,1.00
2015.09.01 01:07:39.659,2.16156,2.16208,1.00,1.50
2015.09.01 01:07:39.962,2.16156,2.1621,1.00,1.00
2015.09.01 01:07:40.063,2.16156,2.16212,1.00,1.00
2015.09.01 01:07:40.379,2.16157,2.16214,1.00,1.00
2015.09.01 01:07:40.437,2.16157,2.16212,1.00,1.00
2015.09.01 01:07:40.639,2.16154,2.1621,1.00,1.00
2015.09.01 01:07:40.690,2.16154,2.16213,1.00,1.00
2015.09.01 01:07:40.841,2.16157,2.16213,1.00,1.00
2015.09.01 01:07:41.262,2.16157,2.16211,1.00,1.00
2015.09.01 01:07:41.414,2.16154,2.16211,1.00,1.50
2015.09.01 01:07:41.465,2.16154,2.16207,1.00,1.00
2015.09.01 01:07:41.566,2.16154,2.16211,1.00,1.00
2015.09.01 01:07:41.667,2.16154,2.16213,1.00,1.00
2015.09.01 01:07:42.138,2.16154,2.16213,1.00,1.37
2015.09.01 01:07:42.668,2.16154,2.16213,1.00,1.87
2015.09.01 01:07:43.049,2.16156,2.16212,1.00,1.37
2015.09.01 01:07:43.554,2.16156,2.1621,1.00,1.87
2015.09.01 01:07:44.070,2.16157,2.16209,1.00,1.00
2015.09.01 01:07:45.074,2.16157,2.16207,1.00,1.00
2015.09.01 01:07:45.125,2.16154,2.16207,1.00,1.00
2015.09.01 01:07:45.455,2.16154,2.16209,1.00,1.87
2015.09.01 01:07:45.849,2.16156,2.1621,1.00,1.12
2015.09.01 01:07:46.152,2.16154,2.1621,1.00,1.37
2015.09.01 01:07:46.579,2.16157,2.1621,1.00,1.37
2015.09.01 01:07:46.927,2.16157,2.16206,1.50,1.00
2015.09.01 01:07:47.666,2.16157,2.1621,1.50,1.37
2015.09.01 01:07:48.197,2.16157,2.1621,1.50,1.12
2015.09.01 01:07:48.482,2.16157,2.16207,1.50,1.00
2015.09.01 01:07:49.087,2.16156,2.16207,1.00,1.00
2015.09.01 01:07:51.192,2.16156,2.16203,1.00,1.00
2015.09.01 01:07:51.512,2.16147,2.16203,1.00,1.37
2015.09.01 01:07:51.715,2.16147,2.16199,1.00,1.37
2015.09.01 01:07:52.068,2.16151,2.16199,1.00,1.37
2015.09.01 01:07:52.220,2.16151,2.162,1.00,1.37
2015.09.01 01:07:52.730,2.16151,2.162,1.00,1.00
2015.09.01 01:07:53.244,2.16151,2.16199,1.00,1.00
2015.09.01 01:07:53.396,2.16147,2.162,1.00,1.00
2015.09.01 01:07:53.599,2.16156,2.162,1.00,1.00
2015.09.01 01:07:53.701,2.16156,2.16206,1.00,1.37
2015.09.01 01:07:53.752,2.16156,2.16206,1.00,1.00
2015.09.01 01:07:53.853,2.16152,2.16206,1.00,1.00
2015.09.01 01:07:53.904,2.16152,2.16209,1.00,1.00
2015.09.01 01:07:54.005,2.16152,2.16199,1.00,1.00
2015.09.01 01:07:54.308,2.16155,2.16199,1.00,1.00
2015.09.01 01:07:56.408,2.16155,2.16202,1.00,1.00
2015.09.01 01:07:56.510,2.16154,2.16195,1.00,2.25
2015.09.01 01:07:56.661,2.16143,2.16195,1.00,1.50
2015.09.01 01:07:56.983,2.16143,2.16189,1.00,1.87
2015.09.01 01:07:57.034,2.16129,2.16189,1.00,2.62
2015.09.01 01:07:57.236,2.16124,2.16183,1.00,1.00
2015.09.01 01:07:57.439,2.16127,2.16186,1.00,1.37
2015.09.01 01:07:57.743,2.16127,2.16183,1.00,1.50
2015.09.01 01:08:00.322,2.16142,2.16183,1.00,1.00
2015.09.01 01:08:00.694,2.16142,2.16198,1.37,1.00
2015.09.01 01:08:00.846,2.16151,2.16197,1.00,1.00
2015.09.01 01:08:00.948,2.16148,2.16196,1.00,1.00
2015.09.01 01:08:01.151,2.16148,2.16202,1.00,1.01
2015.09.01 01:08:01.202,2.16137,2.16194,1.00,1.00
2015.09.01 01:08:01.303,2.16139,2.16199,1.00,1.00
2015.09.01 01:08:01.405,2.16141,2.162,1.00,1.00
2015.09.01 01:08:01.930,2.16141,2.16195,1.12,1.00
2015.09.01 01:08:02.234,2.16167,2.16207,1.00,1.67
2015.09.01 01:08:02.285,2.16149,2.16203,1.37,1.67
2015.09.01 01:08:02.390,2.1615,2.16196,1.12,1.00
2015.09.01 01:08:02.542,2.16138,2.16195,1.75,1.12
2015.09.01 01:08:02.997,2.16144,2.162,1.00,1.12
2015.09.01 01:08:03.048,2.16149,2.16203,1.00,3.00
2015.09.01 01:08:03.199,2.16149,2.162,2.62,1.00
2015.09.01 01:08:03.553,2.16152,2.16199,1.00,1.00
2015.09.01 01:08:03.756,2.16152,2.16196,1.00,1.00
2015.09.01 01:08:04.059,2.16145,2.16195,1.00,1.00
2015.09.01 01:08:04.342,2.16141,2.16199,1.87,1.80
2015.09.01 01:08:04.595,2.16146,2.16198,1.00,1.50
2015.09.01 01:08:04.847,2.16142,2.16198,1.09,1.50
2015.09.01 01:08:05.049,2.16147,2.16198,1.00,1.50
2015.09.01 01:08:05.352,2.16151,2.16198,1.34,1.12
2015.09.01 01:08:05.402,2.16151,2.16205,1.84,1.75
2015.09.01 01:08:05.773,2.16157,2.16207,1.09,1.00
2015.09.01 01:08:05.874,2.16157,2.1621,1.09,1.42
2015.09.01 01:08:07.141,2.16157,2.16208,1.09,1.00
2015.09.01 01:08:08.828,2.16157,2.1621,1.84,1.00
2015.09.01 01:08:09.445,2.16158,2.1621,1.00,1.00
2015.09.01 01:08:10.048,2.16158,2.16209,1.00,1.00
2015.09.01 01:08:10.590,2.16158,2.1621,1.00,1.00
2015.09.01 01:08:11.854,2.16158,2.16208,1.00,1.00
2015.09.01 01:08:12.405,2.1616,2.16208,1.00,1.00
2015.09.01 01:08:14.571,2.1616,2.1621,1.00,1.00
2015.09.01 01:08:15.171,2.16157,2.16209,1.50,1.00
2015.09.01 01:08:15.221,2.16157,2.16203,1.00,1.75
2015.09.01 01:08:15.701,2.16157,2.16174,1.00,1.00
2015.09.01 01:08:15.757,2.16137,2.16174,1.00,1.00
2015.09.01 01:08:15.808,2.16134,2.16174,1.00,1.00
2015.09.01 01:08:15.909,2.16114,2.16167,1.00,1.00
2015.09.01 01:08:16.418,2.16114,2.16166,1.00,1.00
2015.09.01 01:08:16.969,2.16114,2.16167,1.00,1.00
2015.09.01 01:08:17.529,2.16114,2.16167,1.37,1.00
2015.09.01 01:08:18.108,2.16114,2.16167,1.37,1.00
2015.09.01 01:08:18.727,2.16114,2.16167,1.37,1.00
2015.09.01 01:08:19.449,2.16122,2.16168,1.50,1.00
2015.09.01 01:08:19.702,2.16129,2.16179,1.37,1.00
2015.09.01 01:08:19.753,2.16129,2.16177,1.37,1.00
2015.09.01 01:08:19.854,2.16129,2.16182,1.37,1.00
2015.09.01 01:08:19.905,2.16135,2.16186,1.12,1.00
2015.09.01 01:08:19.956,2.16135,2.16186,1.37,1.00
2015.09.01 01:08:20.107,2.16135,2.16188,1.37,2.17
2015.09.01 01:08:20.259,2.16135,2.16188,1.87,2.17
2015.09.01 01:08:20.713,2.16141,2.16196,1.12,3.67
2015.09.01 01:08:21.086,2.16142,2.16197,1.12,1.05
2015.09.01 01:08:21.197,2.16154,2.16205,1.37,1.00
2015.09.01 01:08:21.248,2.16154,2.16205,1.37,1.00
2015.09.01 01:08:21.450,2.16161,2.16203,1.00,1.00
2015.09.01 01:08:21.501,2.16161,2.16203,1.00,1.37
2015.09.01 01:08:22.005,2.16148,2.162,1.37,1.00
2015.09.01 01:08:22.537,2.16148,2.162,1.37,1.00
2015.09.01 01:08:23.230,2.16148,2.162,1.87,1.00
2015.09.01 01:08:23.911,2.16148,2.162,1.87,1.00
2015.09.01 01:08:25.257,2.16148,2.162,1.87,1.00
2015.09.01 01:08:26.348,2.16148,2.16193,1.50,1.00
2015.09.01 01:08:26.550,2.16148,2.16196,1.00,1.00
2015.09.01 01:08:26.601,2.16148,2.16187,1.00,1.00
2015.09.01 01:08:26.753,2.16141,2.16183,1.00,1.00
2015.09.01 01:08:27.128,2.16132,2.16173,1.00,1.50
2015.09.01 01:08:27.381,2.16115,2.16168,1.42,1.00
2015.09.01 01:08:27.432,2.16115,2.16159,1.42,1.50
2015.09.01 01:08:27.734,2.1611,2.16149,1.50,1.00
2015.09.01 01:08:27.835,2.1611,2.16156,1.50,1.00
2015.09.01 01:08:27.987,2.16109,2.16149,1.75,1.00
2015.09.01 01:08:28.492,2.16102,2.1615,1.42,1.00
2015.09.01 01:08:29.005,2.16102,2.16139,1.42,1.00
2015.09.01 01:08:29.324,2.16102,2.16145,1.42,1.00
2015.09.01 01:08:32.009,2.16101,2.16138,1.50,1.00
2015.09.01 01:08:32.060,2.16098,2.16138,1.75,1.00
2015.09.01 01:08:32.110,2.16098,2.16132,1.37,1.00
2015.09.01 01:08:32.413,2.16087,2.16132,1.37,1.00
2015.09.01 01:08:32.464,2.16082,2.16135,1.42,1.00
2015.09.01 01:08:32.968,2.16082,2.16136,1.42,1.12
2015.09.01 01:08:33.514,2.16081,2.16127,1.42,1.00
2015.09.01 01:08:34.622,2.16075,2.16129,1.37,1.50
2015.09.01 01:08:34.672,2.16075,2.16122,1.00,1.00
2015.09.01 01:08:34.824,2.16065,2.16121,1.75,1.00
2015.09.01 01:08:35.654,2.16072,2.16119,1.37,1.00
2015.09.01 01:08:35.957,2.16072,2.16116,1.37,1.00
2015.09.01 01:08:36.278,2.16072,2.16111,1.37,1.00
2015.09.01 01:08:39.102,2.16072,2.16111,1.00,1.00
2015.09.01 01:08:39.153,2.16067,2.16111,1.00,1.00
2015.09.01 01:08:39.436,2.16066,2.16109,1.00,1.00
2015.09.01 01:08:39.537,2.16066,2.16111,1.00,1.12
2015.09.01 01:08:40.537,2.16066,2.16105,1.00,1.00
2015.09.01 01:08:40.858,2.16066,2.16101,1.00,1.00
2015.09.01 01:08:41.332,2.16066,2.1611,1.00,1.00
2015.09.01 01:08:41.435,2.16066,2.16106,1.00,1.00
2015.09.01 01:08:44.165,2.16066,2.16102,1.00,1.00
2015.09.01 01:08:44.317,2.16052,2.16102,1.00,1.00
2015.09.01 01:08:44.519,2.16049,2.16101,1.87,1.00
2015.09.01 01:08:45.051,2.16046,2.16106,1.37,2.25
2015.09.01 01:08:45.203,2.16046,2.16106,1.12,2.25
2015.09.01 01:08:45.698,2.16046,2.16101,1.00,1.00
2015.09.01 01:08:46.204,2.16047,2.16101,1.00,1.00
2015.09.01 01:08:46.604,2.1605,2.16101,1.00,1.00
2015.09.01 01:08:46.706,2.16047,2.16101,1.00,1.00
2015.09.01 01:08:48.600,2.1605,2.16101,1.00,1.00
2015.09.01 01:08:48.752,2.1605,2.16106,1.00,1.50
2015.09.01 01:08:48.803,2.16047,2.16106,1.00,2.25
2015.09.01 01:08:49.278,2.16045,2.16105,1.00,1.00
2015.09.01 01:08:50.701,2.16045,2.16105,1.17,1.50
2015.09.01 01:08:50.802,2.1605,2.1611,1.12,1.00
2015.09.01 01:08:50.853,2.1605,2.16111,1.37,1.00
2015.09.01 01:08:51.640,2.16055,2.16113,1.12,1.50
2015.09.01 01:08:51.842,2.16055,2.16109,1.00,1.00
2015.09.01 01:08:51.893,2.16052,2.16109,1.00,1.00
2015.09.01 01:08:52.397,2.16051,2.1611,1.00,1.00
2015.09.01 01:08:52.448,2.16049,2.1611,1.00,1.50
2015.09.01 01:08:54.341,2.16049,2.16108,1.00,1.00
2015.09.01 01:08:56.583,2.16049,2.16105,1.00,1.00
2015.09.01 01:08:56.886,2.16046,2.16101,1.00,1.00
2015.09.01 01:08:57.347,2.16046,2.16103,1.00,1.00
2015.09.01 01:08:57.830,2.16043,2.161,1.00,1.00
2015.09.01 01:08:58.134,2.16041,2.16091,1.00,1.00
2015.09.01 01:08:58.386,2.16033,2.16086,1.00,1.75
2015.09.01 01:08:58.588,2.16038,2.1609,1.00,1.75
2015.09.01 01:08:59.593,2.16032,2.16086,1.00,1.75
2015.09.01 01:08:59.997,2.16026,2.16079,1.75,1.00
2015.09.01 01:09:00.501,2.16026,2.1608,1.75,1.00
2015.09.01 01:09:01.450,2.16029,2.1607,1.75,1.00
2015.09.01 01:09:01.552,2.16018,2.16069,1.00,1.75
2015.09.01 01:09:01.602,2.16018,2.16054,1.00,1.00
2015.09.01 01:09:01.703,2.16009,2.16054,1.87,1.00
2015.09.01 01:09:01.855,2.15997,2.16054,1.75,1.37
2015.09.01 01:09:02.007,2.15994,2.1605,1.09,1.00
2015.09.01 01:09:02.309,2.15986,2.16044,1.75,1.00
2015.09.01 01:09:02.651,2.16001,2.16051,1.00,2.25
2015.09.01 01:09:02.954,2.16005,2.16038,1.00,1.00
2015.09.01 01:09:03.005,2.15996,2.16035,1.12,1.00
2015.09.01 01:09:03.208,2.15994,2.16035,1.00,1.00
2015.09.01 01:09:03.460,2.16004,2.16036,1.00,1.00
2015.09.01 01:09:03.511,2.16004,2.1604,1.00,1.50
2015.09.01 01:09:03.562,2.15992,2.1604,1.00,2.25
2015.09.01 01:09:03.612,2.15992,2.16035,1.00,1.00
2015.09.01 01:09:03.663,2.15989,2.1604,1.00,1.50
2015.09.01 01:09:03.764,2.15985,2.1604,1.37,1.50
2015.09.01 01:09:03.966,2.15985,2.16036,1.00,1.00
2015.09.01 01:09:04.017,2.15982,2.16036,1.00,1.00
2015.09.01 01:09:04.320,2.15985,2.16036,1.12,1.00
2015.09.01 01:09:04.372,2.15985,2.16042,1.37,1.00
2015.09.01 01:09:04.422,2.15996,2.16047,1.00,1.00
2015.09.01 01:09:04.725,2.15999,2.16047,1.00,1.00
2015.09.01 01:09:04.978,2.15999,2.16052,1.00,1.00
2015.09.01 01:09:05.544,2.15994,2.16048,1.37,1.00
2015.09.01 01:09:05.847,2.15992,2.16044,1.00,1.00
2015.09.01 01:09:06.216,2.15992,2.16041,1.00,1.00
2015.09.01 01:09:06.317,2.15992,2.16044,1.00,1.00
2015.09.01 01:09:07.101,2.15989,2.16042,1.37,1.00
2015.09.01 01:09:07.202,2.15988,2.16043,1.00,1.00
2015.09.01 01:09:07.555,2.15988,2.1604,1.00,1.00
2015.09.01 01:09:07.863,2.15988,2.16044,1.00,1.00
2015.09.01 01:09:07.914,2.15988,2.16039,1.00,1.00
2015.09.01 01:09:07.964,2.15985,2.16039,1.00,1.50
2015.09.01 01:09:08.066,2.15981,2.16039,1.00,2.25
2015.09.01 01:09:08.780,2.15981,2.16035,1.00,1.00
2015.09.01 01:09:09.426,2.15981,2.16034,1.00,1.00
2015.09.01 01:09:10.029,2.1598,2.16034,1.00,1.00
2015.09.01 01:09:10.543,2.1598,2.16033,1.00,1.00
2015.09.01 01:09:12.263,2.1598,2.16034,1.00,1.50
2015.09.01 01:09:14.069,2.1598,2.16033,1.00,1.00
2015.09.01 01:09:14.575,2.1598,2.16034,1.00,1.50
2015.09.01 01:09:15.084,2.15977,2.16023,1.00,1.00
2015.09.01 01:09:16.227,2.15975,2.16023,1.00,1.00
2015.09.01 01:09:16.429,2.15969,2.16023,1.00,1.00
2015.09.01 01:09:16.530,2.15971,2.16022,1.00,1.00
2015.09.01 01:09:17.039,2.15971,2.16023,1.00,1.00
2015.09.01 01:09:17.343,2.15974,2.16023,1.00,1.00
2015.09.01 01:09:21.373,2.15975,2.16023,1.00,1.00
2015.09.01 01:09:28.063,2.15975,2.16023,1.37,1.00
2015.09.01 01:09:28.568,2.15975,2.16023,1.37,1.00
2015.09.01 01:09:29.377,2.15975,2.16023,1.37,1.00
2015.09.01 01:09:30.413,2.15975,2.16023,1.37,1.00
2015.09.01 01:09:30.974,2.15975,2.16023,1.37,1.00
2015.09.01 01:09:31.588,2.15975,2.16023,1.37,1.00
2015.09.01 01:09:32.430,2.15975,2.16023,1.37,1.00
2015.09.01 01:09:33.206,2.15975,2.16023,1.37,1.00
2015.09.01 01:09:33.792,2.15975,2.16023,1.37,1.00
2015.09.01 01:09:34.723,2.15975,2.16023,1.37,1.00
2015.09.01 01:09:35.328,2.15975,2.16023,1.37,1.00
2015.09.01 01:09:35.992,2.15975,2.16023,1.37,1.00
2015.09.01 01:09:36.639,2.15975,2.16023,1.37,1.00
2015.09.01 01:09:37.157,2.15975,2.16023,1.37,1.00
2015.09.01 01:09:37.390,2.15975,2.16023,1.37,1.00
2015.09.01 01:09:38.235,2.15975,2.16023,1.37,1.00
2015.09.01 01:09:38.736,2.15975,2.16023,1.37,1.00
2015.09.01 01:09:39.462,2.15975,2.16023,1.37,1.00
2015.09.01 01:09:41.112,2.15974,2.16023,1.37,1.00
2015.09.01 01:09:42.119,2.15978,2.16023,1.37,1.00
2015.09.01 01:09:42.422,2.15983,2.16023,1.37,1.00
2015.09.01 01:09:42.748,2.15989,2.16023,1.37,1.00
2015.09.01 01:09:43.253,2.15989,2.16023,1.37,1.00
2015.09.01 01:09:43.900,2.15986,2.16023,2.62,1.00
2015.09.01 01:09:44.894,2.15986,2.16023,1.87,1.00
2015.09.01 01:09:45.489,2.15986,2.16023,1.87,1.00
2015.09.01 01:09:45.617,2.15986,2.16023,1.87,1.00
2015.09.01 01:09:46.224,2.15986,2.16023,1.00,1.00
2015.09.01 01:09:47.504,2.15984,2.16023,1.37,1.00
2015.09.01 01:09:48.595,2.15986,2.16023,1.00,1.00
2015.09.01 01:09:49.649,2.15982,2.16023,1.37,1.00
2015.09.01 01:09:50.200,2.15982,2.16023,1.37,1.00
2015.09.01 01:09:50.801,2.15982,2.16023,1.37,1.00
2015.09.01 01:09:51.713,2.15984,2.16023,1.37,1.00
2015.09.01 01:09:52.290,2.15983,2.16023,1.37,1.00
2015.09.01 01:09:53.040,2.15983,2.16023,1.37,1.00
2015.09.01 01:09:53.143,2.1599,2.16023,1.00,1.00
2015.09.01 01:09:53.708,2.1599,2.16039,1.37,1.00
2015.09.01 01:09:53.917,2.15999,2.16039,1.00,1.00
2015.09.01 01:09:54.019,2.15996,2.16039,1.37,1.00
2015.09.01 01:09:54.170,2.15999,2.16039,1.00,1.00
2015.09.01 01:09:54.479,2.15996,2.16039,1.37,1.00
2015.09.01 01:09:55.066,2.15993,2.16023,1.75,1.00
2015.09.01 01:09:55.217,2.15989,2.16023,1.75,1.00
2015.09.01 01:09:55.268,2.1599,2.16023,1.00,1.00
2015.09.01 01:09:55.720,2.15984,2.16009,1.80,1.00
2015.09.01 01:09:55.772,2.15983,2.16009,1.00,1.00
2015.09.01 01:09:55.823,2.15976,2.1603,1.75,1.46
2015.09.01 01:09:55.874,2.15979,2.1603,1.00,1.12
2015.09.01 01:09:55.925,2.15979,2.1603,1.87,1.12
2015.09.01 01:09:56.077,2.15992,2.16039,1.00,1.75
2015.09.01 01:09:56.132,2.15992,2.16039,1.50,1.00
2015.09.01 01:09:56.234,2.15998,2.16039,1.50,1.00
2015.09.01 01:09:56.588,2.15995,2.16024,1.75,1.00
2015.09.01 01:09:56.740,2.15995,2.16024,1.00,1.00
2015.09.01 01:09:56.791,2.15988,2.16024,1.42,1.00
2015.09.01 01:09:57.406,2.1598,2.16024,1.87,1.00
2015.09.01 01:09:57.608,2.1598,2.16009,1.75,1.00
2015.09.01 01:09:57.658,2.15979,2.16009,1.42,1.00
2015.09.01 01:09:57.760,2.15974,2.16009,1.12,1.00
2015.09.01 01:09:57.861,2.15974,2.16023,1.12,1.00
2015.09.01 01:09:57.912,2.15974,2.16023,1.12,1.00
2015.09.01 01:09:58.416,2.15983,2.16023,1.00,1.00
2015.09.01 01:09:58.970,2.15999,2.16023,1.00,1.00
2015.09.01 01:09:59.122,2.15999,2.16038,1.50,1.00
2015.09.01 01:10:01.330,2.15999,2.16052,1.50,1.00
2015.09.01 01:10:01.383,2.15999,2.16052,1.87,1.00
2015.09.01 01:10:01.975,2.15999,2.16052,1.87,1.00
2015.09.01 01:10:02.541,2.15999,2.16052,1.87,1.00
2015.09.01 01:10:03.488,2.15999,2.16052,2.22,1.00
2015.09.01 01:10:03.989,2.15999,2.16052,2.22,1.00
2015.09.01 01:10:04.746,2.16009,2.16052,1.00,1.00
2015.09.01 01:10:06.643,2.16009,2.1606,1.37,2.25
2015.09.01 01:10:06.748,2.16014,2.16063,1.00,1.00
2015.09.01 01:10:07.505,2.16013,2.16063,1.00,1.00
2015.09.01 01:10:08.770,2.16014,2.16063,1.00,1.00
2015.09.01 01:10:09.301,2.16015,2.16063,1.00,1.00
2015.09.01 01:10:09.917,2.16015,2.16064,1.00,1.50
2015.09.01 01:10:11.410,2.16015,2.16064,1.37,1.50
2015.09.01 01:10:11.961,2.16015,2.16064,1.12,1.50
2015.09.01 01:10:12.113,2.16015,2.16059,1.37,1.00
2015.09.01 01:10:13.683,2.16015,2.16059,1.37,1.00
2015.09.01 01:10:14.032,2.16025,2.16059,1.42,1.00
2015.09.01 01:10:14.083,2.16033,2.16079,1.37,1.00
2015.09.01 01:10:14.184,2.16048,2.16082,1.37,1.00
2015.09.01 01:10:14.285,2.16048,2.16089,1.37,1.00
2015.09.01 01:10:14.387,2.16048,2.16089,1.37,1.00
2015.09.01 01:10:14.806,2.16057,2.16109,1.37,1.00
2015.09.01 01:10:15.165,2.16057,2.16107,1.37,1.00
2015.09.01 01:10:15.216,2.16057,2.16107,1.37,1.00
2015.09.01 01:10:15.267,2.16049,2.16107,1.50,1.75
2015.09.01 01:10:15.773,2.16048,2.16107,1.12,1.75
2015.09.01 01:10:16.420,2.16065,2.16083,1.00,1.00
2015.09.01 01:10:16.622,2.16055,2.16094,1.37,1.00
2015.09.01 01:10:17.127,2.16058,2.16094,1.37,1.00
2015.09.01 01:10:17.744,2.16058,2.16094,1.37,1.00
2015.09.01 01:10:17.798,2.16058,2.16094,1.37,1.00
2015.09.01 01:10:18.380,2.16058,2.16094,1.37,1.00
2015.09.01 01:10:18.582,2.16058,2.16111,1.37,1.00
2015.09.01 01:10:18.720,2.16058,2.16111,1.37,1.00
2015.09.01 01:10:19.402,2.16058,2.16111,1.37,1.00
2015.09.01 01:10:20.238,2.16058,2.16111,1.37,1.00
2015.09.01 01:10:21.453,2.16058,2.16111,1.37,1.00
2015.09.01 01:10:21.856,2.16058,2.16111,1.37,1.00
2015.09.01 01:10:22.209,2.16067,2.16119,1.12,1.00
2015.09.01 01:10:22.361,2.16069,2.16119,1.75,1.00
2015.09.01 01:10:22.663,2.1607,2.16093,1.12,1.00
2015.09.01 01:10:22.865,2.16066,2.16108,1.87,1.00
2015.09.01 01:10:25.659,2.16073,2.16108,1.12,1.00
2015.09.01 01:10:25.760,2.16073,2.16108,1.12,1.00
2015.09.01 01:10:26.264,2.16073,2.16108,1.12,1.00
2015.09.01 01:10:26.940,2.16073,2.16108,1.12,1.00
2015.09.01 01:10:27.175,2.16075,2.16108,1.00,1.00
2015.09.01 01:10:27.682,2.16073,2.16108,1.12,1.00
2015.09.01 01:10:28.133,2.16073,2.16108,1.12,1.00
2015.09.01 01:10:28.658,2.16073,2.16108,1.12,1.00
2015.09.01 01:10:29.737,2.16073,2.16108,1.12,1.00
2015.09.01 01:10:30.277,2.16073,2.16108,1.12,1.00
2015.09.01 01:10:30.800,2.16081,2.16123,1.12,1.00
2015.09.01 01:10:30.901,2.16081,2.16118,1.12,1.00
2015.09.01 01:10:30.952,2.16081,2.16118,1.37,1.00
2015.09.01 01:10:39.360,2.1608,2.16119,1.12,1.00
2015.09.01 01:10:40.742,2.16081,2.16118,1.37,1.00
2015.09.01 01:10:41.253,2.16076,2.16119,1.12,1.00
2015.09.01 01:10:47.905,2.16078,2.16119,1.12,1.00
2015.09.01 01:10:48.420,2.16078,2.16119,1.12,1.00
2015.09.01 01:10:49.929,2.16078,2.16119,1.12,1.00
2015.09.01 01:10:50.850,2.16074,2.16119,1.75,1.00
2015.09.01 01:10:51.365,2.16075,2.16119,1.37,1.00
2015.09.01 01:10:51.845,2.16075,2.16119,1.37,1.00
2015.09.01 01:10:52.555,2.16072,2.16119,1.37,1.00
2015.09.01 01:10:52.906,2.16072,2.16119,1.37,1.00
2015.09.01 01:10:54.096,2.16072,2.16119,1.37,1.00
2015.09.01 01:10:54.783,2.16074,2.16119,1.37,1.00
2015.09.01 01:10:55.599,2.16074,2.16119,1.37,1.00
2015.09.01 01:10:56.105,2.16072,2.16119,1.37,1.00
2015.09.01 01:10:56.639,2.16072,2.16119,1.37,1.00
2015.09.01 01:10:57.145,2.16072,2.16118,1.37,1.00
2015.09.01 01:10:57.297,2.16072,2.16119,1.00,1.00
2015.09.01 01:10:58.450,2.16071,2.16119,1.37,1.37
2015.09.01 01:10:58.652,2.16062,2.16119,1.87,1.75
2015.09.01 01:10:59.159,2.16063,2.16119,1.12,1.37
2015.09.01 01:10:59.210,2.16069,2.16119,1.37,1.00
2015.09.01 01:10:59.836,2.16071,2.16119,1.00,1.00
2015.09.01 01:11:00.377,2.16071,2.16119,1.37,1.00
2015.09.01 01:11:01.670,2.16069,2.16119,1.37,1.00
2015.09.01 01:11:02.219,2.16069,2.16119,1.37,1.00
2015.09.01 01:11:02.809,2.16069,2.16119,1.37,1.00
2015.09.01 01:11:02.920,2.16069,2.16119,1.37,1.00
2015.09.01 01:11:03.430,2.16069,2.16119,1.37,1.00
2015.09.01 01:11:03.936,2.16069,2.16119,1.37,1.00
2015.09.01 01:11:04.241,2.16069,2.16119,1.37,1.00
2015.09.01 01:11:04.998,2.16069,2.16119,1.37,1.00
2015.09.01 01:11:05.846,2.16069,2.16119,1.37,1.00
2015.09.01 01:11:06.449,2.16078,2.16119,1.00,1.00
2015.09.01 01:11:07.454,2.16068,2.16119,1.12,1.00
2015.09.01 01:11:07.555,2.16064,2.16119,1.50,1.75
2015.09.01 01:11:07.858,2.16062,2.16112,1.12,1.01
2015.09.01 01:11:08.010,2.16047,2.16093,1.50,1.00
2015.09.01 01:11:08.333,2.16047,2.16089,1.00,1.00
2015.09.01 01:11:08.556,2.16041,2.16089,1.12,1.00
2015.09.01 01:11:08.875,2.16041,2.16064,1.12,1.00
2015.09.01 01:11:08.977,2.16036,2.16064,1.12,1.00
2015.09.01 01:11:09.078,2.16035,2.16078,1.87,1.00
2015.09.01 01:11:09.732,2.16043,2.16078,1.00,1.00
2015.09.01 01:11:10.264,2.1604,2.16078,1.87,1.00
2015.09.01 01:11:11.424,2.16041,2.16078,1.12,1.00
2015.09.01 01:11:11.968,2.16041,2.16078,1.12,1.00
2015.09.01 01:11:12.290,2.1604,2.16078,1.87,1.00
2015.09.01 01:11:12.391,2.16034,2.16084,2.55,1.00
2015.09.01 01:11:12.987,2.16034,2.16084,1.87,1.00
2015.09.01 01:11:13.524,2.16034,2.16084,1.87,1.00
2015.09.01 01:11:14.175,2.16034,2.16084,1.87,1.00
2015.09.01 01:11:14.978,2.16035,2.16084,1.50,1.00
2015.09.01 01:11:16.182,2.16035,2.16084,1.50,1.00
2015.09.01 01:11:17.787,2.16036,2.16084,1.37,1.00
2015.09.01 01:11:18.489,2.16036,2.16084,1.37,1.00
2015.09.01 01:11:20.150,2.16036,2.16084,1.37,1.00
2015.09.01 01:11:21.058,2.16036,2.16088,1.37,1.50
2015.09.01 01:11:21.429,2.16036,2.16088,1.37,1.50
2015.09.01 01:11:22.271,2.16036,2.16082,1.37,1.00
2015.09.01 01:11:22.624,2.16037,2.16078,1.37,1.00
2015.09.01 01:11:22.927,2.16031,2.16076,1.37,1.00
2015.09.01 01:11:23.897,2.1603,2.16076,1.37,1.00
2015.09.01 01:11:23.948,2.1603,2.16076,1.37,1.00
2015.09.01 01:11:24.909,2.1603,2.16076,1.37,1.00
2015.09.01 01:11:25.517,2.1603,2.16076,1.37,1.00
2015.09.01 01:11:26.294,2.16027,2.16064,1.37,1.00
2015.09.01 01:11:26.460,2.16023,2.16064,1.75,1.00
2015.09.01 01:11:26.965,2.1602,2.16064,1.37,1.00
2015.09.01 01:11:27.117,2.16024,2.16074,1.37,1.75
2015.09.01 01:11:28.845,2.16025,2.16074,1.37,1.75
2015.09.01 01:11:29.422,2.16025,2.16074,1.37,1.75
2015.09.01 01:11:30.233,2.16026,2.16074,1.37,1.75
2015.09.01 01:11:30.743,2.16026,2.16074,1.37,1.75
2015.09.01 01:11:31.345,2.16026,2.16074,1.37,1.75
2015.09.01 01:11:32.034,2.16023,2.16074,1.37,1.75
2015.09.01 01:11:32.636,2.16023,2.16074,1.37,1.75
2015.09.01 01:11:33.241,2.16023,2.16074,1.37,1.75
2015.09.01 01:11:33.754,2.1602,2.16071,1.37,1.42
2015.09.01 01:11:34.533,2.1602,2.16072,1.37,1.42
2015.09.01 01:11:35.263,2.1602,2.16072,1.12,1.42
2015.09.01 01:11:35.815,2.16023,2.16071,1.00,1.42
2015.09.01 01:11:36.308,2.16023,2.16072,1.37,1.42
2015.09.01 01:11:38.339,2.16023,2.16072,1.37,1.42
2015.09.01 01:11:38.844,2.16023,2.16071,1.37,1.42
2015.09.01 01:11:39.532,2.16023,2.16071,1.37,1.42
2015.09.01 01:11:40.299,2.16023,2.16072,1.37,1.42
2015.09.01 01:11:41.468,2.16023,2.16072,1.37,1.42
2015.09.01 01:11:41.787,2.16023,2.16072,1.37,1.42
2015.09.01 01:11:41.919,2.16023,2.16072,1.37,1.42
2015.09.01 01:11:42.424,2.16023,2.16072,1.37,1.42
2015.09.01 01:11:43.112,2.16023,2.16072,1.37,1.42
2015.09.01 01:11:43.893,2.16023,2.16071,1.37,1.05
2015.09.01 01:11:44.388,2.16023,2.16053,1.00,1.00
2015.09.01 01:11:44.490,2.16004,2.16053,1.87,1.00
2015.09.01 01:11:45.096,2.1601,2.16053,1.37,1.00
2015.09.01 01:11:45.604,2.16006,2.16054,1.37,1.00
2015.09.01 01:11:46.139,2.16007,2.16054,1.37,1.50
2015.09.01 01:11:46.290,2.16007,2.16049,1.37,1.00
2015.09.01 01:11:46.918,2.16004,2.16049,1.87,1.00
2015.09.01 01:11:47.430,2.16004,2.16049,1.87,1.00
2015.09.01 01:11:47.814,2.16004,2.16049,1.87,1.00
2015.09.01 01:11:48.820,2.16004,2.16049,1.87,1.00
2015.09.01 01:11:51.073,2.16004,2.16049,1.87,1.00
2015.09.01 01:11:51.461,2.16004,2.16049,1.87,1.00
2015.09.01 01:11:51.511,2.16004,2.16054,1.87,1.00
2015.09.01 01:11:52.066,2.16006,2.16054,1.37,1.00
2015.09.01 01:11:52.167,2.16006,2.16054,1.37,1.00
2015.09.01 01:11:52.842,2.16006,2.16054,1.37,1.00
2015.09.01 01:11:54.102,2.16006,2.16054,1.37,1.00
2015.09.01 01:11:54.627,2.16006,2.16054,1.37,1.00
2015.09.01 01:11:55.165,2.16006,2.16054,1.37,1.00
2015.09.01 01:11:55.216,2.16006,2.16054,1.37,1.00
2015.09.01 01:11:55.886,2.16006,2.16054,1.37,1.00
2015.09.01 01:11:57.181,2.16006,2.16054,1.37,1.00
2015.09.01 01:11:57.724,2.16006,2.16054,1.37,1.00
2015.09.01 01:11:58.435,2.16006,2.16054,1.37,1.00
2015.09.01 01:11:59.337,2.16006,2.16054,1.37,1.00
2015.09.01 01:11:59.841,2.16006,2.16054,1.37,1.00
2015.09.01 01:12:00.500,2.16006,2.16054,1.37,1.00
2015.09.01 01:12:01.042,2.16006,2.16054,1.37,1.00
2015.09.01 01:12:01.395,2.16006,2.16054,1.37,1.37
2015.09.01 01:12:01.698,2.16007,2.16054,1.37,2.25
2015.09.01 01:12:02.344,2.1601,2.16054,1.37,1.75
2015.09.01 01:12:02.445,2.16014,2.16054,1.37,1.00
2015.09.01 01:12:02.546,2.16014,2.16057,1.37,1.00
2015.09.01 01:12:02.859,2.16022,2.16063,1.37,1.00
2015.09.01 01:12:03.391,2.16022,2.16063,1.37,1.00
2015.09.01 01:12:03.893,2.16022,2.16063,1.37,1.00
2015.09.01 01:12:04.045,2.16022,2.16068,1.37,1.05
2015.09.01 01:12:04.096,2.16022,2.16069,1.37,1.50
2015.09.01 01:12:04.765,2.16022,2.16069,1.37,1.50
2015.09.01 01:12:05.498,2.16022,2.16069,1.37,1.50
2015.09.01 01:12:06.071,2.16022,2.16069,1.37,1.50
2015.09.01 01:12:06.223,2.16022,2.16069,1.37,1.50
2015.09.01 01:12:06.787,2.16022,2.16069,1.37,1.50
2015.09.01 01:12:09.204,2.16022,2.16069,1.37,1.50
2015.09.01 01:12:09.932,2.16022,2.16069,1.37,1.50
2015.09.01 01:12:10.413,2.16022,2.16069,1.37,1.50
2015.09.01 01:12:10.758,2.16011,2.16057,1.37,1.00
2015.09.01 01:12:10.860,2.16014,2.16069,1.12,1.75
2015.09.01 01:12:10.911,2.16017,2.16053,1.37,1.00
2015.09.01 01:12:10.962,2.16017,2.16053,1.37,1.00
2015.09.01 01:12:11.366,2.16016,2.1606,1.37,1.00
2015.09.01 01:12:11.467,2.16016,2.16069,1.37,1.75
2015.09.01 01:12:12.232,2.16023,2.16069,1.37,1.75
2015.09.01 01:12:12.747,2.16022,2.16069,1.37,1.75
2015.09.01 01:12:13.270,2.16022,2.16069,1.37,1.75
2015.09.01 01:12:14.258,2.16022,2.16069,1.37,1.75
2015.09.01 01:12:14.861,2.16022,2.16069,1.37,1.75
2015.09.01 01:12:15.898,2.16022,2.16069,1.37,1.75
2015.09.01 01:12:16.256,2.16025,2.16069,1.37,1.00
2015.09.01 01:12:16.307,2.1603,2.16069,1.00,1.00
2015.09.01 01:12:16.623,2.16031,2.16069,1.37,1.00
2015.09.01 01:12:17.178,2.16035,2.16069,1.37,1.00
2015.09.01 01:12:17.817,2.16035,2.16069,1.37,1.00
2015.09.01 01:12:18.333,2.16035,2.16069,1.37,1.00
2015.09.01 01:12:19.010,2.16035,2.16069,1.37,1.00
2015.09.01 01:12:19.542,2.16035,2.16069,1.37,1.00
2015.09.01 01:12:20.370,2.16035,2.16069,1.37,1.00
2015.09.01 01:12:21.201,2.16035,2.16069,1.37,1.00
2015.09.01 01:12:21.703,2.16035,2.16069,1.37,1.00
2015.09.01 01:12:23.712,2.16035,2.16069,1.37,1.00
2015.09.01 01:12:24.716,2.16034,2.16069,1.37,1.00
2015.09.01 01:12:25.217,2.16034,2.16069,1.37,1.00
2015.09.01 01:12:25.719,2.16034,2.16069,1.37,1.00
2015.09.01 01:12:27.022,2.16034,2.16069,1.37,1.00
2015.09.01 01:12:27.675,2.16034,2.16069,1.37,1.00
2015.09.01 01:12:28.384,2.16034,2.16069,1.37,1.00
2015.09.01 01:12:28.886,2.16034,2.16069,1.37,1.00
2015.09.01 01:12:28.937,2.16034,2.16069,1.37,1.00
2015.09.01 01:12:30.082,2.16034,2.16069,1.37,1.00
2015.09.01 01:12:30.642,2.16034,2.16069,1.37,1.00
2015.09.01 01:12:31.244,2.16034,2.16069,1.37,1.00
2015.09.01 01:12:31.987,2.16031,2.16069,1.37,1.00
2015.09.01 01:12:32.587,2.1603,2.16069,1.50,1.00
2015.09.01 01:12:33.859,2.1603,2.16069,1.50,1.00
2015.09.01 01:12:34.455,2.1603,2.16069,1.50,1.00
2015.09.01 01:12:37.360,2.16032,2.16069,1.75,1.00
2015.09.01 01:12:37.765,2.16032,2.16079,1.75,1.00
2015.09.01 01:12:38.463,2.16032,2.16079,1.75,1.00
2015.09.01 01:12:39.004,2.16032,2.16079,1.75,1.00
2015.09.01 01:12:39.534,2.16035,2.16079,1.37,1.00
2015.09.01 01:12:40.508,2.16035,2.16079,1.37,1.00
2015.09.01 01:12:41.239,2.16035,2.16079,1.37,1.00
2015.09.01 01:12:43.074,2.16035,2.16079,1.37,1.00
2015.09.01 01:12:44.477,2.16035,2.16079,1.37,1.00
2015.09.01 01:12:45.006,2.16035,2.16079,1.37,1.00
2015.09.01 01:12:45.638,2.16035,2.16079,1.37,1.00
2015.09.01 01:12:47.083,2.16035,2.16079,1.37,1.00
2015.09.01 01:12:48.494,2.16032,2.16079,1.75,1.00
2015.09.01 01:12:49.097,2.16032,2.16079,1.75,1.00
2015.09.01 01:12:49.608,2.16032,2.16079,1.75,1.00
2015.09.01 01:12:50.203,2.16032,2.16079,1.75,1.00
2015.09.01 01:12:51.269,2.16032,2.16079,1.37,1.00
2015.09.01 01:12:51.320,2.16032,2.16074,1.37,1.00
2015.09.01 01:12:51.371,2.16037,2.16088,1.37,1.75
2015.09.01 01:12:51.825,2.16034,2.16074,1.37,1.00
2015.09.01 01:12:52.247,2.16029,2.16074,1.12,1.00
2015.09.01 01:12:52.399,2.16028,2.16068,1.37,1.00
2015.09.01 01:12:52.952,2.16025,2.16068,1.37,1.00
2015.09.01 01:12:53.743,2.16027,2.16068,1.37,1.00
2015.09.01 01:12:54.931,2.16027,2.16068,1.37,1.00
2015.09.01 01:12:55.431,2.16027,2.16068,1.37,1.00
2015.09.01 01:12:56.734,2.16027,2.16068,1.37,1.12
2015.09.01 01:12:57.243,2.16023,2.16068,1.37,1.12
2015.09.01 01:12:57.776,2.16023,2.16068,1.37,1.12
2015.09.01 01:12:58.564,2.16023,2.16068,1.37,1.12
2015.09.01 01:12:58.926,2.16031,2.16077,1.37,1.00
2015.09.01 01:12:59.539,2.16034,2.16077,1.37,1.00
2015.09.01 01:13:00.694,2.16034,2.16077,1.37,1.00
2015.09.01 01:13:01.443,2.16034,2.16077,1.37,1.00
2015.09.01 01:13:01.945,2.16034,2.16077,1.37,1.00
2015.09.01 01:13:02.446,2.16034,2.16077,1.37,1.00
2015.09.01 01:13:02.926,2.16034,2.16077,1.37,1.00
2015.09.01 01:13:03.543,2.16034,2.16077,1.37,1.00
2015.09.01 01:13:04.150,2.16034,2.16077,1.37,1.00
2015.09.01 01:13:04.659,2.16031,2.16077,1.87,1.00
2015.09.01 01:13:05.167,2.16028,2.16077,1.47,1.00
2015.09.01 01:13:05.498,2.16028,2.16077,1.37,1.00
2015.09.01 01:13:06.259,2.16031,2.16077,1.37,1.42
2015.09.01 01:13:06.866,2.16031,2.16077,1.37,1.00
2015.09.01 01:13:07.406,2.16031,2.16077,1.37,1.00
2015.09.01 01:13:08.177,2.16035,2.16077,1.37,1.00
2015.09.01 01:13:08.529,2.16033,2.16084,1.37,1.75
2015.09.01 01:13:09.176,2.16033,2.16083,1.37,1.50
2015.09.01 01:13:09.772,2.16033,2.16083,1.37,1.50
2015.09.01 01:13:10.150,2.1603,2.16079,1.75,1.87
2015.09.01 01:13:10.201,2.16032,2.16079,1.00,1.37
2015.09.01 01:13:10.252,2.16032,2.16079,1.00,1.75
2015.09.01 01:13:10.303,2.1603,2.16079,1.12,1.75
2015.09.01 01:13:10.808,2.16027,2.16079,1.00,1.75
2015.09.01 01:13:11.423,2.16026,2.16078,1.00,1.50
2015.09.01 01:13:11.626,2.16024,2.16069,1.87,1.00
2015.09.01 01:13:13.083,2.16024,2.16053,1.50,1.00
2015.09.01 01:13:13.235,2.16021,2.16053,1.00,1.00
2015.09.01 01:13:13.742,2.16018,2.16053,1.50,1.00
2015.09.01 01:13:15.649,2.16013,2.16053,1.87,1.00
2015.09.01 01:13:16.310,2.16013,2.16053,1.87,1.00
2015.09.01 01:13:16.942,2.16014,2.16053,1.37,1.00
2015.09.01 01:13:17.456,2.16013,2.16053,1.87,1.00
2015.09.01 01:13:17.557,2.16016,2.16065,1.12,1.00
2015.09.01 01:13:17.850,2.16021,2.16065,1.00,1.00
2015.09.01 01:13:18.154,2.16016,2.16053,1.12,1.00
2015.09.01 01:13:18.758,2.16014,2.16053,1.37,1.00
2015.09.01 01:13:19.279,2.16013,2.16053,1.00,1.00
2015.09.01 01:13:20.308,2.16013,2.16058,1.00,1.00
2015.09.01 01:13:20.674,2.16016,2.16065,1.00,1.00
2015.09.01 01:13:20.776,2.16016,2.16074,1.50,1.12
2015.09.01 01:13:21.080,2.16018,2.16058,1.37,1.00
2015.09.01 01:13:21.859,2.16015,2.16058,1.37,1.12
2015.09.01 01:13:22.163,2.16015,2.16058,1.12,1.12
2015.09.01 01:13:22.416,2.16009,2.16043,1.37,1.00
2015.09.01 01:13:22.467,2.16009,2.16043,1.37,1.00
2015.09.01 01:13:22.972,2.16003,2.16043,1.37,1.00
2015.09.01 01:13:23.546,2.16003,2.16043,1.37,1.00
2015.09.01 01:13:23.862,2.15998,2.16047,1.37,1.00
2015.09.01 01:13:24.166,2.15997,2.16047,1.37,1.00
2015.09.01 01:13:24.880,2.15997,2.16047,1.37,1.00
2015.09.01 01:13:25.132,2.15997,2.16045,1.37,1.00
2015.09.01 01:13:25.640,2.15997,2.16045,1.37,1.00
2015.09.01 01:13:26.310,2.15997,2.16044,1.37,1.00
2015.09.01 01:13:26.462,2.15995,2.16047,1.37,1.00
2015.09.01 01:13:26.987,2.15995,2.16047,1.37,1.00
2015.09.01 01:13:27.189,2.15995,2.16047,1.37,1.00
2015.09.01 01:13:27.691,2.15995,2.16047,1.37,1.00
2015.09.01 01:13:28.037,2.15995,2.16044,1.37,1.00
2015.09.01 01:13:28.340,2.15994,2.16033,1.37,1.00
2015.09.01 01:13:28.543,2.15994,2.16042,1.37,1.00
2015.09.01 01:13:29.394,2.15994,2.16042,1.37,1.00
2015.09.01 01:13:29.685,2.15994,2.16044,1.37,1.50
2015.09.01 01:13:30.190,2.15994,2.16044,1.00,1.00
2015.09.01 01:13:30.694,2.15994,2.16043,1.00,1.00
2015.09.01 01:13:34.923,2.15994,2.16043,1.37,1.00
2015.09.01 01:13:35.428,2.15994,2.16043,1.37,1.00
2015.09.01 01:13:35.956,2.15997,2.16043,1.00,1.00
2015.09.01 01:13:37.158,2.15997,2.16042,1.00,1.00
2015.09.01 01:13:37.564,2.15997,2.16044,1.00,1.00
2015.09.01 01:13:38.050,2.15995,2.16044,1.12,1.00
2015.09.01 01:13:38.202,2.15995,2.16037,1.12,1.00
2015.09.01 01:13:38.404,2.15995,2.16044,1.12,1.50
2015.09.01 01:13:39.801,2.15995,2.16044,1.50,1.00
2015.09.01 01:13:40.305,2.15996,2.16044,1.37,1.00
2015.09.01 01:13:40.457,2.15999,2.16044,1.00,1.00
2015.09.01 01:13:41.163,2.1599,2.16044,1.37,2.62
2015.09.01 01:13:41.691,2.1599,2.16044,1.12,3.67
2015.09.01 01:13:45.460,2.1599,2.16042,1.37,1.75
2015.09.01 01:13:46.002,2.1599,2.16042,1.12,1.75
2015.09.01 01:13:48.586,2.1599,2.16042,1.37,1.75
2015.09.01 01:13:49.283,2.1599,2.16042,1.12,1.75
2015.09.01 01:13:49.858,2.1599,2.16042,1.37,1.75
2015.09.01 01:13:50.811,2.15992,2.16044,1.00,2.92
2015.09.01 01:13:51.014,2.15994,2.16042,1.00,1.00
2015.09.01 01:13:51.239,2.15991,2.16042,1.50,1.00
2015.09.01 01:13:51.839,2.15989,2.16042,1.37,1.00
2015.09.01 01:13:52.401,2.15989,2.16042,1.00,1.00
2015.09.01 01:13:53.245,2.15989,2.16042,1.00,1.87
2015.09.01 01:13:54.407,2.15989,2.16042,1.00,1.87
2015.09.01 01:13:54.982,2.15989,2.16042,1.00,1.87
2015.09.01 01:13:56.069,2.15989,2.16042,1.00,1.87
2015.09.01 01:13:56.479,2.1599,2.16042,1.37,1.00
2015.09.01 01:13:57.531,2.1599,2.16042,1.12,1.00
2015.09.01 01:13:58.187,2.1599,2.16042,1.37,1.00
2015.09.01 01:13:58.950,2.1599,2.16042,1.12,1.00
2015.09.01 01:13:59.850,2.1599,2.16042,1.37,1.00
2015.09.01 01:14:00.203,2.1599,2.16042,1.00,1.37
2015.09.01 01:14:00.706,2.1599,2.16042,1.00,1.37
2015.09.01 01:14:01.158,2.1599,2.16042,1.00,1.00
2015.09.01 01:14:02.481,2.15992,2.16042,1.09,1.00
2015.09.01 01:14:02.905,2.15996,2.16042,1.00,1.00
2015.09.01 01:14:07.928,2.15996,2.16044,1.12,1.75
2015.09.01 01:14:16.361,2.15996,2.16036,1.50,1.00
2015.09.01 01:14:16.664,2.1598,2.16024,1.37,1.00
2015.09.01 01:14:16.765,2.15985,2.16028,1.00,1.00
2015.09.01 01:14:17.068,2.16002,2.16028,1.00,1.00
2015.09.01 01:14:17.848,2.16002,2.16034,1.00,1.00
2015.09.01 01:14:18.302,2.15997,2.16034,1.12,1.00
2015.09.01 01:14:32.159,2.15992,2.16038,1.75,1.00
2015.09.01 01:14:35.696,2.1599,2.16038,3.00,1.00
2015.09.01 01:14:36.086,2.1599,2.16048,3.00,1.50
2015.09.01 01:14:36.636,2.15991,2.16034,1.98,1.00
2015.09.01 01:14:37.631,2.15995,2.16019,1.00,1.00
2015.09.01 01:14:37.732,2.15987,2.16019,1.12,1.00
2015.09.01 01:14:37.884,2.15987,2.16037,1.12,1.37
2015.09.01 01:14:37.935,2.15993,2.1604,1.00,1.12
2015.09.01 01:14:37.986,2.15993,2.1604,1.00,1.37
2015.09.01 01:14:38.296,2.1599,2.16034,1.42,1.00
2015.09.01 01:14:38.636,2.15987,2.16018,1.67,1.00
2015.09.01 01:14:38.737,2.15987,2.16018,1.00,1.00
2015.09.01 01:14:38.788,2.15979,2.16018,1.98,1.00
2015.09.01 01:14:39.646,2.15979,2.16031,1.00,1.12
2015.09.01 01:14:39.697,2.15979,2.16031,1.00,1.12
2015.09.01 01:14:40.123,2.15981,2.16031,1.00,1.12
2015.09.01 01:14:40.174,2.15981,2.1603,1.00,1.00
2015.09.01 01:14:40.697,2.15981,2.16031,1.00,1.12
2015.09.01 01:14:40.896,2.15983,2.16031,1.00,1.12
2015.09.01 01:14:42.514,2.15983,2.16031,1.43,1.12
2015.09.01 01:14:42.665,2.15995,2.16043,1.00,1.37
2015.09.01 01:14:42.867,2.15996,2.16046,1.00,1.12
2015.09.01 01:14:43.119,2.15995,2.16049,1.75,1.37
2015.09.01 01:14:44.005,2.15992,2.16049,1.09,1.37
2015.09.01 01:14:45.007,2.15992,2.16049,1.43,1.37
2015.09.01 01:14:45.509,2.15995,2.16049,1.10,1.37
2015.09.01 01:14:45.890,2.15995,2.16049,1.10,1.37
2015.09.01 01:14:46.990,2.15995,2.16049,1.10,1.37
2015.09.01 01:14:47.206,2.15995,2.16049,1.10,1.12
2015.09.01 01:14:49.417,2.15995,2.16042,1.10,1.00
2015.09.01 01:14:50.126,2.15996,2.16042,1.00,1.00
2015.09.01 01:14:50.429,2.1599,2.16018,1.00,1.00
2015.09.01 01:14:50.530,2.15974,2.16018,1.80,1.00
2015.09.01 01:14:50.935,2.15973,2.16018,1.00,1.00
2015.09.01 01:14:51.086,2.15973,2.16003,1.00,1.00
2015.09.01 01:14:51.137,2.15968,2.16003,1.87,1.00
2015.09.01 01:14:51.659,2.15964,2.16013,1.42,1.00
2015.09.01 01:14:51.963,2.15961,2.16008,1.75,1.00
2015.09.01 01:14:54.385,2.15961,2.16013,2.25,1.00
2015.09.01 01:14:54.928,2.15961,2.16014,1.75,1.00
2015.09.01 01:14:56.839,2.15961,2.16011,1.75,1.00
2015.09.01 01:15:00.146,2.15961,2.16006,1.75,1.00
2015.09.01 01:15:00.701,2.15962,2.16014,1.75,1.00
2015.09.01 01:15:01.357,2.15961,2.16012,1.75,1.00
2015.09.01 01:15:01.962,2.15963,2.16014,1.75,1.00
2015.09.01 01:15:04.037,2.15959,2.16014,1.50,1.37
2015.09.01 01:15:04.088,2.15959,2.16014,1.50,1.75
2015.09.01 01:15:04.616,2.15957,2.15999,1.42,1.00
2015.09.01 01:15:04.868,2.15952,2.15999,1.75,1.00
2015.09.01 01:15:04.969,2.15949,2.15999,1.00,1.00
2015.09.01 01:15:05.225,2.15949,2.15999,1.00,1.67
2015.09.01 01:15:05.377,2.15931,2.15983,1.10,1.00
2015.09.01 01:15:05.428,2.15928,2.15983,1.75,1.00
2015.09.01 01:15:05.478,2.15928,2.15983,1.00,1.75
2015.09.01 01:15:06.314,2.15925,2.1598,2.17,1.50
2015.09.01 01:15:09.596,2.15924,2.1598,1.67,2.62
2015.09.01 01:15:09.705,2.15923,2.15979,1.00,1.12
2015.09.01 01:15:09.806,2.15921,2.15979,1.00,1.12
2015.09.01 01:15:11.236,2.15921,2.15979,1.75,1.12
2015.09.01 01:15:11.642,2.15919,2.15973,2.25,1.00
2015.09.01 01:15:11.693,2.15917,2.15973,1.50,2.25
2015.09.01 01:15:11.744,2.15917,2.15971,1.37,2.04
2015.09.01 01:15:11.795,2.15912,2.15959,1.35,1.00
2015.09.01 01:15:11.846,2.15906,2.15963,1.05,1.75
2015.09.01 01:15:11.897,2.15902,2.15953,1.00,1.00
2015.09.01 01:15:11.998,2.159,2.15953,1.00,1.00
2015.09.01 01:15:12.049,2.15897,2.15957,1.05,2.62
2015.09.01 01:15:12.100,2.15892,2.15952,1.00,1.75
2015.09.01 01:15:12.575,2.15881,2.15939,1.75,1.75
2015.09.01 01:15:12.894,2.15879,2.15923,1.75,1.00
2015.09.01 01:15:13.198,2.15876,2.15923,1.05,1.00
2015.09.01 01:15:14.431,2.15867,2.15923,2.17,1.50
2015.09.01 01:15:14.532,2.15868,2.15921,1.75,1.05
2015.09.01 01:15:14.684,2.15854,2.15915,1.50,2.55
2015.09.01 01:15:14.735,2.15853,2.15902,1.00,1.37
2015.09.01 01:15:14.786,2.15847,2.15902,1.00,1.37
2015.09.01 01:15:14.837,2.15841,2.15902,1.50,1.37
2015.09.01 01:15:14.989,2.15836,2.15903,1.00,1.37
2015.09.01 01:15:15.292,2.15839,2.15903,1.12,1.37
2015.09.01 01:15:15.659,2.15834,2.15873,3.00,1.00
2015.09.01 01:15:15.720,2.15837,2.15888,1.00,1.00
2015.09.01 01:15:15.771,2.1584,2.15888,1.00,1.00
2015.09.01 01:15:15.872,2.15836,2.15898,3.00,1.37
2015.09.01 01:15:15.923,2.15843,2.15898,1.00,1.00
2015.09.01 01:15:16.126,2.15849,2.15898,1.00,1.00
2015.09.01 01:15:16.177,2.15849,2.1591,1.00,1.00
2015.09.01 01:15:16.228,2.15849,2.15914,1.00,1.12
2015.09.01 01:15:16.837,2.15849,2.15903,1.00,1.00
2015.09.01 01:15:16.888,2.15844,2.15903,1.00,1.00
2015.09.01 01:15:17.039,2.15844,2.15902,1.00,1.34
2015.09.01 01:15:17.090,2.15839,2.15902,1.50,1.34
2015.09.01 01:15:17.141,2.15839,2.15879,1.50,1.00
2015.09.01 01:15:17.192,2.15833,2.15879,1.00,1.00
2015.09.01 01:15:17.293,2.15827,2.15879,1.00,1.00
2015.09.01 01:15:17.394,2.15823,2.15879,1.00,1.00
2015.09.01 01:15:17.767,2.15818,2.15879,1.00,1.00
2015.09.01 01:15:18.123,2.15817,2.15863,1.00,1.00
2015.09.01 01:15:18.224,2.15813,2.15863,1.00,1.00
2015.09.01 01:15:18.578,2.1581,2.15877,3.37,1.00
2015.09.01 01:15:18.958,2.15842,2.1588,1.00,1.50
2015.09.01 01:15:19.014,2.15842,2.15895,1.00,1.75
2015.09.01 01:15:19.065,2.15842,2.15885,1.00,1.12
2015.09.01 01:15:19.318,2.15811,2.15861,1.00,1.00
2015.09.01 01:15:19.419,2.15811,2.15873,1.00,1.00
2015.09.01 01:15:19.571,2.15811,2.15864,1.00,1.00
2015.09.01 01:15:19.622,2.15809,2.15864,1.00,1.00
2015.09.01 01:15:19.672,2.15812,2.15864,1.00,1.00
2015.09.01 01:15:20.200,2.15807,2.15848,1.50,1.00
2015.09.01 01:15:20.301,2.15799,2.15848,1.37,1.00
2015.09.01 01:15:20.352,2.15799,2.15857,1.37,1.00
2015.09.01 01:15:20.402,2.1581,2.15858,1.00,1.50
2015.09.01 01:15:20.705,2.15815,2.15858,1.75,1.00
2015.09.01 01:15:22.070,2.15817,2.15869,1.50,1.37
2015.09.01 01:15:22.171,2.15824,2.15879,1.50,1.50
2015.09.01 01:15:22.222,2.15834,2.15885,1.00,1.37
2015.09.01 01:15:22.273,2.15824,2.15885,1.87,1.37
2015.09.01 01:15:22.324,2.15825,2.15878,1.00,1.00
2015.09.01 01:15:23.117,2.15813,2.1588,1.42,1.12
2015.09.01 01:15:23.974,2.15814,2.15875,1.37,1.12
2015.09.01 01:15:24.025,2.15813,2.15875,1.50,1.12
2015.09.01 01:15:24.486,2.15808,2.1587,1.37,1.87
2015.09.01 01:15:24.537,2.15805,2.15869,1.12,1.87
2015.09.01 01:15:24.587,2.1581,2.15869,1.00,1.87
2015.09.01 01:15:24.890,2.15817,2.15854,1.42,1.00
2015.09.01 01:15:25.042,2.15817,2.15868,1.42,1.00
2015.09.01 01:15:25.143,2.15817,2.15877,1.42,1.37
2015.09.01 01:15:25.345,2.15829,2.15877,1.05,1.00
2015.09.01 01:15:25.861,2.15859,2.15918,1.87,1.37
2015.09.01 01:15:25.913,2.15859,2.15919,1.87,1.00
2015.09.01 01:15:26.740,2.15859,2.15918,1.87,1.00
2015.09.01 01:15:27.387,2.15859,2.15919,1.87,1.12
2015.09.01 01:15:27.495,2.15859,2.15918,1.87,1.37
2015.09.01 01:15:27.546,2.15856,2.15919,1.75,1.75
2015.09.01 01:15:30.515,2.15856,2.15909,1.75,1.00
2015.09.01 01:15:30.818,2.1584,2.15889,1.42,1.00
2015.09.01 01:15:30.869,2.1584,2.15895,1.42,1.00
2015.09.01 01:15:30.920,2.15841,2.15895,1.87,1.00
2015.09.01 01:15:31.122,2.15861,2.15908,1.00,1.00
2015.09.01 01:15:31.223,2.15861,2.15911,1.00,1.00
2015.09.01 01:15:31.276,2.15861,2.15914,1.00,1.50
2015.09.01 01:15:32.312,2.15859,2.15919,1.75,1.12
2015.09.01 01:15:32.716,2.15873,2.15918,1.00,1.00
2015.09.01 01:15:33.099,2.15876,2.15918,1.42,1.00
2015.09.01 01:15:33.151,2.15876,2.15929,1.42,1.00
2015.09.01 01:15:34.276,2.15876,2.15914,1.42,1.00
2015.09.01 01:15:34.759,2.15879,2.15914,1.87,1.00
2015.09.01 01:15:35.063,2.15897,2.1594,1.00,1.00
2015.09.01 01:15:35.114,2.15897,2.1594,1.75,1.00
2015.09.01 01:15:35.215,2.15897,2.15951,2.17,1.00
2015.09.01 01:15:35.266,2.15903,2.15956,1.12,1.09
2015.09.01 01:15:35.317,2.15903,2.15963,1.75,2.25
2015.09.01 01:15:35.621,2.15916,2.15973,1.75,1.37
2015.09.01 01:15:35.672,2.15916,2.15973,1.75,1.00
2015.09.01 01:15:36.031,2.15922,2.15973,1.87,1.00
2015.09.01 01:15:36.335,2.159,2.15944,1.42,1.00
2015.09.01 01:15:36.386,2.15904,2.15961,1.75,1.09
2015.09.01 01:15:36.437,2.15904,2.1596,1.00,1.12
2015.09.01 01:15:36.538,2.15904,2.15962,1.75,1.75
2015.09.01 01:15:37.955,2.15906,2.1596,1.87,1.00
2015.09.01 01:15:38.056,2.15906,2.15963,1.87,1.50
2015.09.01 01:15:38.157,2.15906,2.15958,1.87,1.00
2015.09.01 01:15:38.360,2.15912,2.15958,1.00,1.00
2015.09.01 01:15:39.120,2.15912,2.15956,1.00,1.00
2015.09.01 01:15:40.018,2.15912,2.15958,1.00,1.00
2015.09.01 01:15:40.221,2.15905,2.15958,1.87,1.00
2015.09.01 01:15:40.728,2.15906,2.15958,1.87,1.00
2015.09.01 01:15:41.323,2.15906,2.15957,1.87,1.00
2015.09.01 01:15:45.215,2.15906,2.15959,1.87,1.00
2015.09.01 01:15:45.875,2.15908,2.15963,1.75,1.00
2015.09.01 01:15:45.931,2.15912,2.15963,1.00,1.00
2015.09.01 01:15:46.442,2.15913,2.15963,1.00,1.00
2015.09.01 01:15:47.442,2.15915,2.15963,1.00,1.00
2015.09.01 01:15:49.711,2.1591,2.15963,1.00,1.00
2015.09.01 01:15:49.913,2.1592,2.15967,1.00,1.00
2015.09.01 01:15:50.116,2.15913,2.15963,1.00,1.00
2015.09.01 01:15:50.579,2.15913,2.15949,1.00,1.00
2015.09.01 01:15:50.996,2.15901,2.15947,1.10,1.37
2015.09.01 01:15:51.052,2.15895,2.15947,1.00,1.37
2015.09.01 01:15:51.416,2.15897,2.1595,1.00,1.37
2015.09.01 01:15:51.710,2.15897,2.1595,1.00,1.12
2015.09.01 01:15:52.380,2.15897,2.15947,1.00,1.00
2015.09.01 01:15:52.683,2.15896,2.1595,1.00,1.37
2015.09.01 01:15:53.214,2.15895,2.15947,1.00,1.37
2015.09.01 01:15:53.831,2.15894,2.15948,1.00,1.87
2015.09.01 01:15:54.346,2.15893,2.15945,1.00,1.00
2015.09.01 01:15:54.736,2.15894,2.15952,1.00,1.00
2015.09.01 01:15:55.267,2.15895,2.15952,1.00,1.00
2015.09.01 01:15:55.625,2.15895,2.15949,1.00,1.00
2015.09.01 01:15:56.419,2.15897,2.15949,1.00,1.00
2015.09.01 01:15:56.794,2.15897,2.15953,1.00,1.50
2015.09.01 01:15:57.343,2.15897,2.15954,1.50,1.12
2015.09.01 01:15:57.495,2.15897,2.15951,1.00,1.00
2015.09.01 01:15:57.804,2.15897,2.15948,1.00,1.00
2015.09.01 01:15:58.262,2.159,2.15946,1.00,1.00
2015.09.01 01:15:58.317,2.159,2.15952,1.00,1.37
2015.09.01 01:15:58.835,2.159,2.15952,1.00,1.37
2015.09.01 01:15:59.338,2.159,2.15952,1.00,1.37
2015.09.01 01:15:59.388,2.159,2.15947,1.00,1.00
2015.09.01 01:15:59.787,2.15896,2.15947,1.00,1.50
2015.09.01 01:16:00.442,2.15891,2.15947,2.25,1.50
2015.09.01 01:16:05.473,2.15888,2.15946,2.62,1.75
2015.09.01 01:16:05.574,2.15887,2.15944,1.75,1.75
2015.09.01 01:16:06.591,2.15887,2.1594,1.00,1.75
2015.09.01 01:16:06.994,2.15886,2.15923,1.75,1.00
2015.09.01 01:16:07.056,2.15881,2.15928,1.12,1.00
2015.09.01 01:16:10.022,2.1588,2.15928,1.87,1.00
2015.09.01 01:16:11.720,2.15875,2.15928,2.25,1.37
2015.09.01 01:16:11.771,2.15875,2.15928,2.25,1.75
2015.09.01 01:16:11.923,2.15872,2.15919,1.00,1.37
2015.09.01 01:16:11.974,2.15872,2.15917,1.00,1.37
2015.09.01 01:16:12.025,2.15868,2.15917,1.12,1.37
2015.09.01 01:16:12.075,2.15868,2.1591,1.12,1.75
2015.09.01 01:16:12.420,2.15841,2.15898,1.35,1.75
2015.09.01 01:16:12.471,2.15841,2.15893,1.00,1.12
2015.09.01 01:16:12.673,2.15847,2.15893,1.00,1.12
2015.09.01 01:16:12.976,2.15849,2.15893,1.00,1.12
2015.09.01 01:16:13.202,2.15846,2.15893,1.00,1.12
2015.09.01 01:16:13.399,2.15848,2.15893,1.00,1.12
2015.09.01 01:16:13.666,2.15843,2.15893,1.10,1.12
2015.09.01 01:16:13.717,2.15843,2.15894,1.00,1.12
2015.09.01 01:16:15.620,2.15844,2.15894,1.00,1.12
2015.09.01 01:16:16.428,2.15844,2.15893,1.00,1.12
2015.09.01 01:16:17.186,2.15844,2.15893,1.00,1.12
2015.09.01 01:16:18.411,2.15839,2.15893,1.87,1.12
2015.09.01 01:16:19.021,2.1584,2.15893,1.00,1.12
2015.09.01 01:16:20.410,2.1584,2.15893,1.50,1.12
2015.09.01 01:16:20.615,2.15841,2.15869,1.00,1.37
2015.09.01 01:16:20.717,2.1584,2.15869,1.00,1.37
2015.09.01 01:16:20.819,2.1581,2.15868,1.00,1.37
2015.09.01 01:16:20.921,2.15814,2.15869,1.00,1.37
2015.09.01 01:16:21.191,2.15812,2.15868,1.50,1.00
2015.09.01 01:16:21.292,2.15814,2.15868,1.00,1.00
2015.09.01 01:16:22.130,2.15814,2.15867,1.00,1.00
2015.09.01 01:16:22.510,2.15816,2.15864,1.00,1.00
2015.09.01 01:16:22.816,2.15816,2.1586,1.50,1.00
2015.09.01 01:16:23.018,2.15816,2.15867,1.00,1.00
2015.09.01 01:16:23.551,2.15817,2.15867,1.00,1.00
2015.09.01 01:16:24.384,2.15818,2.15867,1.00,1.00
2015.09.01 01:16:24.494,2.15823,2.15867,1.00,1.00
2015.09.01 01:16:24.797,2.15834,2.15869,1.00,1.50
2015.09.01 01:16:24.898,2.15834,2.15876,1.00,1.00
2015.09.01 01:16:25.100,2.15845,2.15892,1.00,1.37
2015.09.01 01:16:25.399,2.15853,2.15891,1.00,1.00
2015.09.01 01:16:25.451,2.15848,2.15891,1.00,1.00
2015.09.01 01:16:25.552,2.15853,2.15891,1.00,1.00
2015.09.01 01:16:26.078,2.15853,2.15892,1.00,1.00
2015.09.01 01:16:26.332,2.15853,2.15908,1.00,1.37
2015.09.01 01:16:26.534,2.15855,2.15908,1.00,1.37
2015.09.01 01:16:26.986,2.15856,2.15914,1.00,1.37
2015.09.01 01:16:27.192,2.15861,2.1592,1.00,1.87
2015.09.01 01:16:27.702,2.15862,2.1592,1.00,1.87
2015.09.01 01:16:28.260,2.15862,2.1592,1.00,1.87
2015.09.01 01:16:28.778,2.15862,2.1592,1.00,1.87
2015.09.01 01:16:29.166,2.15863,2.1592,1.00,1.37
2015.09.01 01:16:29.965,2.15854,2.15908,1.00,1.60
2015.09.01 01:16:30.167,2.15839,2.1588,1.85,1.00
2015.09.01 01:16:30.526,2.15838,2.1588,1.35,1.00
2015.09.01 01:16:31.033,2.15838,2.1588,1.35,1.37
2015.09.01 01:16:31.569,2.1584,2.1588,1.00,1.37
2015.09.01 01:16:32.103,2.15843,2.1588,1.00,1.37
2015.09.01 01:16:32.447,2.15842,2.15863,1.00,1.00
2015.09.01 01:16:32.549,2.15819,2.15863,1.37,1.00
2015.09.01 01:16:32.650,2.15819,2.15864,1.00,1.00
2015.09.01 01:16:32.701,2.15816,2.15862,1.37,1.00
2015.09.01 01:16:32.802,2.15812,2.15864,1.75,1.00
2015.09.01 01:16:32.953,2.15822,2.15864,1.00,1.00
2015.09.01 01:16:33.458,2.15822,2.15865,1.00,1.12
2015.09.01 01:16:33.962,2.15822,2.15868,1.00,1.37
2015.09.01 01:16:34.013,2.15822,2.15868,1.00,1.00
2015.09.01 01:16:34.569,2.15822,2.15853,1.00,1.00
2015.09.01 01:16:37.088,2.15822,2.15839,1.00,1.00
2015.09.01 01:16:37.240,2.1581,2.15839,2.17,1.00
2015.09.01 01:16:41.981,2.15804,2.15839,1.37,1.00
2015.09.01 01:16:42.082,2.15804,2.15839,1.00,1.00
2015.09.01 01:16:42.386,2.15804,2.15833,1.00,1.00
2015.09.01 01:16:42.437,2.15795,2.15833,1.75,1.00
2015.09.01 01:16:43.064,2.15802,2.15833,1.87,1.00
2015.09.01 01:16:43.367,2.15819,2.15868,1.37,1.12
2015.09.01 01:16:43.569,2.15824,2.15868,1.05,1.00
2015.09.01 01:16:43.873,2.15825,2.15863,1.42,1.00
2015.09.01 01:16:44.471,2.1583,2.15868,1.00,1.00
2015.09.01 01:16:44.784,2.1583,2.15863,1.00,1.00
2015.09.01 01:16:45.707,2.15824,2.15863,2.55,1.00
2015.09.01 01:16:47.116,2.15832,2.15869,2.25,1.00
2015.09.01 01:16:47.166,2.15836,2.15869,1.05,1.00
