2018.06.01 10:00:00.009,1.76327,1.7635,1.50,1.00
2018.06.01 10:00:00.111,1.76331,1.76356,1.00,1.50
2018.06.01 10:00:00.163,1.76335,1.76356,1.00,1.50
2018.06.01 10:00:00.462,1.76337,1.76361,1.00,1.00
2018.06.01 10:00:00.564,1.76334,1.76359,1.50,1.00
2018.06.01 10:00:00.666,1.76334,1.76358,1.50,1.44
2018.06.01 10:00:01.030,1.76339,1.76354,1.25,1.00
2018.06.01 10:00:01.086,1.76341,1.76364,1.50,1.00
2018.06.01 10:00:01.340,1.7634,1.7636,1.50,1.00
2018.06.01 10:00:01.390,1.76335,1.76361,2.63,1.00
2018.06.01 10:00:01.441,1.76342,1.76364,1.00,1.00
2018.06.01 10:00:01.567,1.76339,1.76363,1.00,1.25
2018.06.01 10:00:01.630,1.76339,1.76361,1.00,1.00
2018.06.01 10:00:01.834,1.7634,1.76363,1.00,1.00
2018.06.01 10:00:01.936,1.76338,1.76363,1.00,1.25
2018.06.01 10:00:02.038,1.76337,1.76361,1.00,1.00
2018.06.01 10:00:02.346,1.76331,1.76354,1.13,1.00
2018.06.01 10:00:02.653,1.76336,1.76356,2.06,1.00
2018.06.01 10:00:03.086,1.76336,1.76358,1.50,1.00
2018.06.01 10:00:03.516,1.76336,1.7636,2.06,1.00
2018.06.01 10:00:03.835,1.76336,1.76362,1.00,1.00
2018.06.01 10:00:03.938,1.76336,1.76364,1.31,1.13
2018.06.01 10:00:04.166,1.76336,1.76364,1.56,1.00
2018.06.01 10:00:04.702,1.76337,1.76364,1.13,1.00
2018.06.01 10:00:05.016,1.76342,1.76364,1.00,1.00
2018.06.01 10:00:05.440,1.76342,1.76362,1.00,1.00
2018.06.01 10:00:06.092,1.76342,1.76361,1.00,1.00
2018.06.01 10:00:06.488,1.76342,1.76364,1.00,1.00
2018.06.01 10:00:06.685,1.76348,1.76369,1.69,1.00
2018.06.01 10:00:06.738,1.76348,1.76371,1.12,1.00
2018.06.01 10:00:06.790,1.76349,1.76376,1.37,1.00
2018.06.01 10:00:06.947,1.76351,1.76371,1.00,1.00
2018.06.01 10:00:07.049,1.76349,1.7637,1.00,1.00
2018.06.01 10:00:07.101,1.76352,1.7637,1.00,1.00
2018.06.01 10:00:07.296,1.76351,1.76375,1.00,1.00
2018.06.01 10:00:07.348,1.76349,1.76375,1.12,1.00
2018.06.01 10:00:07.450,1.7635,1.76376,1.37,1.13
2018.06.01 10:00:07.755,1.76349,1.76374,1.37,1.00
2018.06.01 10:00:08.082,1.7635,1.76376,1.56,1.00
2018.06.01 10:00:08.184,1.76351,1.76374,1.50,1.00
2018.06.01 10:00:08.287,1.76352,1.76376,1.50,1.00
2018.06.01 10:00:08.339,1.76356,1.76376,1.00,1.00
2018.06.01 10:00:08.860,1.76356,1.76375,1.00,1.00
2018.06.01 10:00:09.116,1.76356,1.76377,1.00,1.00
2018.06.01 10:00:09.603,1.76356,1.7638,1.81,1.00
2018.06.01 10:00:09.757,1.76357,1.7638,1.25,1.00
2018.06.01 10:00:09.963,1.76357,1.76383,1.25,1.00
2018.06.01 10:00:10.014,1.76362,1.76381,1.00,1.00
2018.06.01 10:00:10.066,1.76357,1.76382,2.63,1.00
2018.06.01 10:00:10.201,1.76359,1.76381,1.00,1.00
2018.06.01 10:00:10.253,1.76357,1.76381,1.00,1.00
2018.06.01 10:00:10.579,1.76357,1.76381,1.00,1.56
2018.06.01 10:00:10.795,1.76357,1.76381,1.00,1.25
2018.06.01 10:00:10.897,1.76362,1.76381,1.00,1.00
2018.06.01 10:00:10.948,1.76357,1.76381,1.00,1.12
2018.06.01 10:00:10.999,1.76358,1.76384,2.06,1.00
2018.06.01 10:00:11.050,1.7636,1.76385,1.25,1.50
2018.06.01 10:00:11.101,1.7636,1.76387,1.00,1.50
2018.06.01 10:00:11.254,1.7636,1.76385,1.12,1.00
2018.06.01 10:00:11.444,1.76362,1.76388,1.00,1.00
2018.06.01 10:00:11.598,1.76361,1.76386,1.87,1.00
2018.06.01 10:00:11.804,1.76358,1.76384,2.62,1.00
2018.06.01 10:00:11.856,1.76359,1.76382,1.00,1.00
2018.06.01 10:00:12.196,1.76363,1.76385,1.44,1.00
2018.06.01 10:00:12.297,1.76367,1.76394,1.00,1.00
2018.06.01 10:00:12.501,1.76371,1.76393,1.25,1.00
2018.06.01 10:00:12.686,1.76382,1.76405,1.00,1.00
2018.06.01 10:00:12.737,1.76381,1.76407,1.00,1.00
2018.06.01 10:00:12.839,1.76385,1.76411,1.00,1.12
2018.06.01 10:00:13.177,1.76388,1.76412,1.00,1.00
2018.06.01 10:00:13.513,1.76392,1.76415,1.00,1.00
2018.06.01 10:00:13.835,1.76405,1.76417,1.56,1.00
2018.06.01 10:00:13.990,1.76418,1.76429,1.00,1.50
2018.06.01 10:00:14.041,1.76422,1.76438,1.00,1.00
2018.06.01 10:00:14.196,1.76424,1.76448,1.00,1.37
2018.06.01 10:00:14.384,1.76425,1.76451,1.00,1.00
2018.06.01 10:00:14.436,1.76425,1.76453,1.00,1.00
2018.06.01 10:00:14.514,1.76429,1.76453,1.00,1.00
2018.06.01 10:00:14.820,1.76427,1.76453,1.00,1.00
2018.06.01 10:00:14.933,1.76425,1.76454,1.00,1.00
2018.06.01 10:00:15.089,1.76425,1.76452,1.00,1.00
2018.06.01 10:00:15.456,1.76427,1.76453,1.00,1.00
2018.06.01 10:00:15.741,1.7643,1.76458,1.25,2.81
2018.06.01 10:00:16.251,1.7643,1.76458,1.25,2.44
2018.06.01 10:00:16.809,1.7643,1.76457,1.25,1.00
2018.06.01 10:00:17.072,1.76432,1.76457,1.00,1.00
2018.06.01 10:00:17.252,1.7643,1.76458,1.00,1.69
2018.06.01 10:00:17.308,1.76429,1.76455,1.00,1.00
2018.06.01 10:00:17.623,1.76429,1.76453,1.00,1.00
2018.06.01 10:00:18.146,1.76429,1.76452,1.00,1.00
2018.06.01 10:00:18.548,1.76425,1.76453,1.00,1.00
2018.06.01 10:00:18.701,1.76425,1.76453,1.50,1.00
2018.06.01 10:00:18.752,1.76428,1.76455,1.31,1.00
2018.06.01 10:00:19.098,1.76431,1.76457,1.31,1.00
2018.06.01 10:00:19.403,1.76429,1.76454,1.00,1.50
2018.06.01 10:00:19.454,1.76427,1.76453,1.00,1.00
2018.06.01 10:00:19.530,1.76429,1.76454,1.00,1.00
2018.06.01 10:00:19.632,1.7643,1.76456,1.00,1.00
2018.06.01 10:00:20.148,1.76429,1.76456,1.31,1.50
2018.06.01 10:00:20.425,1.76432,1.76457,1.12,1.00
2018.06.01 10:00:20.476,1.76433,1.7646,1.00,1.31
2018.06.01 10:00:20.577,1.76433,1.76461,1.50,1.00
2018.06.01 10:00:20.628,1.76435,1.7646,1.37,1.00
2018.06.01 10:00:20.679,1.76437,1.76463,1.00,1.00
2018.06.01 10:00:20.730,1.76435,1.76461,1.37,1.00
2018.06.01 10:00:20.781,1.76437,1.76465,1.00,2.44
2018.06.01 10:00:21.328,1.76437,1.76464,1.12,1.69
2018.06.01 10:00:21.482,1.76435,1.76458,1.37,1.00
2018.06.01 10:00:21.534,1.7643,1.76454,1.00,1.50
2018.06.01 10:00:21.672,1.76428,1.76453,1.00,1.00
2018.06.01 10:00:22.216,1.76428,1.76454,1.13,1.50
2018.06.01 10:00:22.751,1.76427,1.76453,1.00,1.25
2018.06.01 10:00:22.802,1.76425,1.76453,1.31,1.00
2018.06.01 10:00:23.264,1.76425,1.7645,1.00,1.00
2018.06.01 10:00:23.621,1.76422,1.76448,1.00,1.50
2018.06.01 10:00:23.878,1.76417,1.76443,1.50,1.00
2018.06.01 10:00:24.068,1.7642,1.76446,1.00,1.69
2018.06.01 10:00:24.118,1.76422,1.76447,1.00,1.00
2018.06.01 10:00:24.423,1.76424,1.76447,1.00,1.00
2018.06.01 10:00:24.937,1.76424,1.76446,1.00,1.00
2018.06.01 10:00:25.398,1.76427,1.76454,1.00,1.00
2018.06.01 10:00:25.449,1.76425,1.76452,1.00,1.00
2018.06.01 10:00:25.951,1.76427,1.76452,1.00,1.00
2018.06.01 10:00:26.261,1.76425,1.76451,1.00,1.69
2018.06.01 10:00:26.313,1.76424,1.76448,1.50,1.00
2018.06.01 10:00:26.567,1.76423,1.7645,1.44,1.00
2018.06.01 10:00:26.670,1.76423,1.7645,1.75,1.00
2018.06.01 10:00:26.772,1.76427,1.76452,1.00,1.50
2018.06.01 10:00:26.925,1.76427,1.76454,1.00,1.00
2018.06.01 10:00:27.055,1.76429,1.76454,1.00,1.00
2018.06.01 10:00:27.361,1.76433,1.76454,1.75,1.00
2018.06.01 10:00:27.412,1.76438,1.7646,1.25,1.00
2018.06.01 10:00:27.464,1.7644,1.76465,1.00,1.00
2018.06.01 10:00:27.751,1.76438,1.76462,1.00,1.00
2018.06.01 10:00:28.113,1.76434,1.76461,1.00,1.00
2018.06.01 10:00:28.164,1.76433,1.76458,1.69,1.00
2018.06.01 10:00:28.465,1.76433,1.7646,1.88,1.00
2018.06.01 10:00:28.678,1.76435,1.7646,1.00,1.00
2018.06.01 10:00:29.246,1.76433,1.76461,1.00,1.00
2018.06.01 10:00:29.410,1.76433,1.76459,1.00,1.00
2018.06.01 10:00:29.722,1.7644,1.76458,1.00,1.00
2018.06.01 10:00:29.773,1.76438,1.76466,1.00,3.00
2018.06.01 10:00:29.825,1.7644,1.76465,1.00,1.00
2018.06.01 10:00:30.067,1.76437,1.76464,1.00,1.00
2018.06.01 10:00:30.594,1.76436,1.76463,1.25,1.00
2018.06.01 10:00:30.749,1.76438,1.76461,1.00,1.00
2018.06.01 10:00:30.853,1.76435,1.76461,1.50,1.00
2018.06.01 10:00:31.090,1.76432,1.76455,1.25,1.00
2018.06.01 10:00:31.222,1.76427,1.76454,1.56,1.00
2018.06.01 10:00:31.376,1.76427,1.76454,2.06,1.00
2018.06.01 10:00:31.428,1.76427,1.76454,2.06,1.00
2018.06.01 10:00:31.951,1.76418,1.76444,2.25,1.00
2018.06.01 10:00:32.104,1.76419,1.76448,1.31,1.50
2018.06.01 10:00:32.155,1.7642,1.76445,1.56,1.00
2018.06.01 10:00:32.358,1.76421,1.76449,1.12,1.50
2018.06.01 10:00:32.867,1.76421,1.76448,1.37,1.00
2018.06.01 10:00:33.103,1.7642,1.76447,1.31,1.00
2018.06.01 10:00:33.155,1.76419,1.76445,2.44,1.00
2018.06.01 10:00:33.390,1.76418,1.76445,1.69,1.00
2018.06.01 10:00:34.868,1.76418,1.76445,2.06,1.00
2018.06.01 10:00:35.315,1.76424,1.76449,1.75,1.50
2018.06.01 10:00:35.418,1.7643,1.76457,1.25,1.00
2018.06.01 10:00:35.572,1.76429,1.76455,1.00,1.00
2018.06.01 10:00:35.899,1.76421,1.76447,1.00,1.00
2018.06.01 10:00:36.422,1.7642,1.76448,3.00,1.00
2018.06.01 10:00:36.776,1.76426,1.7645,1.00,1.00
2018.06.01 10:00:36.827,1.76426,1.76454,2.62,1.44
2018.06.01 10:00:36.878,1.76429,1.76456,1.00,1.50
2018.06.01 10:00:37.184,1.76427,1.76453,1.50,1.00
2018.06.01 10:00:37.538,1.76427,1.76455,1.00,1.25
2018.06.01 10:00:37.589,1.76427,1.76455,1.00,1.50
2018.06.01 10:00:38.170,1.76426,1.76454,1.00,1.00
2018.06.01 10:00:38.476,1.76419,1.7645,2.25,2.06
2018.06.01 10:00:38.944,1.76422,1.7645,1.88,1.00
2018.06.01 10:00:39.046,1.76425,1.76454,1.00,1.69
2018.06.01 10:00:39.253,1.76428,1.76456,1.00,1.31
2018.06.01 10:00:39.604,1.76428,1.76456,1.00,3.19
2018.06.01 10:00:39.706,1.76428,1.76456,1.00,2.06
2018.06.01 10:00:40.103,1.7643,1.76457,1.00,1.00
2018.06.01 10:00:40.410,1.76422,1.7645,2.25,1.00
2018.06.01 10:00:40.464,1.76422,1.76452,2.25,3.19
2018.06.01 10:00:40.751,1.76421,1.76451,2.44,1.00
2018.06.01 10:00:41.186,1.76422,1.76451,1.75,1.50
2018.06.01 10:00:41.543,1.76425,1.76449,1.00,1.00
2018.06.01 10:00:41.753,1.76423,1.76449,1.50,1.00
2018.06.01 10:00:41.856,1.76421,1.76448,1.00,1.00
2018.06.01 10:00:42.043,1.76421,1.76446,1.12,1.00
2018.06.01 10:00:42.094,1.76421,1.76448,1.00,1.00
2018.06.01 10:00:42.196,1.76421,1.76448,1.56,1.00
2018.06.01 10:00:42.248,1.76424,1.76451,1.00,1.00
2018.06.01 10:00:42.299,1.76424,1.76453,1.56,1.50
2018.06.01 10:00:42.402,1.76426,1.76453,1.00,1.56
2018.06.01 10:00:42.558,1.76423,1.76451,1.00,1.81
2018.06.01 10:00:42.763,1.76422,1.76446,1.50,1.00
2018.06.01 10:00:42.970,1.76422,1.76448,1.25,1.00
2018.06.01 10:00:43.021,1.76422,1.76445,1.00,1.00
2018.06.01 10:00:43.173,1.7642,1.76449,1.75,1.50
2018.06.01 10:00:43.674,1.76421,1.7645,2.06,1.50
2018.06.01 10:00:43.777,1.76422,1.76448,3.00,1.00
2018.06.01 10:00:43.982,1.76422,1.7645,1.19,1.00
2018.06.01 10:00:44.372,1.76419,1.7645,1.69,1.69
2018.06.01 10:00:44.424,1.76426,1.7645,2.06,1.00
2018.06.01 10:00:44.526,1.76431,1.76458,1.13,1.00
2018.06.01 10:00:44.759,1.76429,1.76456,1.75,1.00
2018.06.01 10:00:45.278,1.76428,1.76457,2.00,1.25
2018.06.01 10:00:45.594,1.76429,1.76455,2.06,1.13
2018.06.01 10:00:46.098,1.76433,1.76455,1.00,1.00
2018.06.01 10:00:46.601,1.76432,1.76458,1.00,1.00
2018.06.01 10:00:46.756,1.76435,1.76458,1.00,1.00
2018.06.01 10:00:47.093,1.76427,1.76454,1.00,1.56
2018.06.01 10:00:47.146,1.76431,1.76451,1.00,1.00
2018.06.01 10:00:47.217,1.76431,1.76454,1.00,1.31
2018.06.01 10:00:47.269,1.76431,1.76455,1.00,1.69
2018.06.01 10:00:47.423,1.76436,1.7646,1.00,1.00
2018.06.01 10:00:47.560,1.76437,1.76463,1.50,1.37
2018.06.01 10:00:47.668,1.76439,1.76462,1.00,1.38
2018.06.01 10:00:47.770,1.76436,1.76459,1.00,1.19
2018.06.01 10:00:47.975,1.76437,1.76464,1.00,2.63
2018.06.01 10:00:48.206,1.76435,1.76462,1.00,1.13
2018.06.01 10:00:48.409,1.76437,1.76463,1.00,1.44
2018.06.01 10:00:48.561,1.76435,1.76463,1.00,1.44
2018.06.01 10:00:48.994,1.76433,1.76462,2.06,1.44
2018.06.01 10:00:49.652,1.76433,1.76463,1.50,1.19
2018.06.01 10:00:49.704,1.76435,1.76463,1.00,1.19
2018.06.01 10:00:50.229,1.76434,1.76464,1.50,2.06
2018.06.01 10:00:50.710,1.76434,1.76463,1.25,1.38
2018.06.01 10:00:50.812,1.76434,1.76463,1.50,1.25
2018.06.01 10:00:50.965,1.76434,1.76464,2.44,1.31
2018.06.01 10:00:51.099,1.76434,1.76464,2.44,1.31
2018.06.01 10:00:51.151,1.76434,1.76464,2.81,1.75
2018.06.01 10:00:51.458,1.76428,1.76455,1.00,1.37
2018.06.01 10:00:51.769,1.76432,1.76453,1.00,1.00
2018.06.01 10:00:51.973,1.76427,1.76456,1.50,1.56
2018.06.01 10:00:52.483,1.76427,1.76454,1.00,1.56
2018.06.01 10:00:52.726,1.76427,1.76451,1.44,1.00
2018.06.01 10:00:53.212,1.76426,1.76452,1.00,1.00
2018.06.01 10:00:53.742,1.76432,1.76454,1.69,1.00
2018.06.01 10:00:53.844,1.76435,1.7646,2.44,1.00
2018.06.01 10:00:53.948,1.76435,1.76462,1.00,1.00
2018.06.01 10:00:54.451,1.76435,1.76461,1.00,1.00
2018.06.01 10:00:54.791,1.76435,1.76459,1.00,1.00
2018.06.01 10:00:55.194,1.76434,1.76461,1.50,1.00
2018.06.01 10:00:55.245,1.76437,1.76462,1.00,1.00
2018.06.01 10:00:55.525,1.76438,1.76465,1.00,1.00
2018.06.01 10:00:55.578,1.7644,1.76465,1.00,1.00
2018.06.01 10:00:55.883,1.76441,1.76467,1.00,1.00
2018.06.01 10:00:56.429,1.76441,1.76469,1.00,1.63
2018.06.01 10:00:56.481,1.76438,1.76465,1.62,1.00
2018.06.01 10:00:56.837,1.76443,1.76463,1.00,1.00
2018.06.01 10:00:56.892,1.76444,1.7647,1.00,1.00
2018.06.01 10:00:57.098,1.76445,1.76466,1.00,1.12
2018.06.01 10:00:57.251,1.76438,1.76463,1.00,1.00
2018.06.01 10:00:57.650,1.76438,1.76466,1.69,1.00
2018.06.01 10:00:57.702,1.7644,1.76466,1.00,1.31
2018.06.01 10:00:58.116,1.76444,1.76469,1.00,1.25
2018.06.01 10:00:58.665,1.76443,1.76469,1.00,1.00
2018.06.01 10:00:58.989,1.76448,1.76472,1.00,1.25
2018.06.01 10:00:59.093,1.76443,1.76472,1.69,1.25
2018.06.01 10:00:59.165,1.76444,1.7647,1.25,1.00
2018.06.01 10:00:59.371,1.76445,1.76474,1.00,2.25
2018.06.01 10:00:59.849,1.76443,1.76473,1.00,1.75
2018.06.01 10:00:59.951,1.76446,1.76474,1.25,1.37
2018.06.01 10:01:00.004,1.76446,1.76474,1.00,1.31
2018.06.01 10:01:00.303,1.76444,1.76467,1.00,1.00
2018.06.01 10:01:00.511,1.76445,1.76471,1.00,1.50
2018.06.01 10:01:00.563,1.76447,1.76472,1.00,1.12
2018.06.01 10:01:01.450,1.76452,1.76473,1.00,1.50
2018.06.01 10:01:01.767,1.76447,1.76473,1.00,1.00
2018.06.01 10:01:02.124,1.76447,1.76472,1.00,1.75
2018.06.01 10:01:02.227,1.76442,1.76469,1.00,1.13
2018.06.01 10:01:02.329,1.76442,1.76469,1.00,1.88
2018.06.01 10:01:02.557,1.76443,1.7647,1.00,1.50
2018.06.01 10:01:02.709,1.76446,1.7647,1.00,1.31
2018.06.01 10:01:02.761,1.76446,1.76471,1.00,1.31
2018.06.01 10:01:03.299,1.76447,1.76473,1.00,2.63
2018.06.01 10:01:03.819,1.76447,1.76473,1.50,1.00
2018.06.01 10:01:04.325,1.76448,1.76474,1.00,1.25
2018.06.01 10:01:04.838,1.76448,1.76475,1.50,2.06
2018.06.01 10:01:05.146,1.76448,1.76475,1.50,2.25
2018.06.01 10:01:05.687,1.76451,1.76475,1.00,1.13
2018.06.01 10:01:05.877,1.76455,1.76477,1.00,1.00
2018.06.01 10:01:06.083,1.76452,1.76477,1.00,1.13
2018.06.01 10:01:06.135,1.76456,1.76477,1.00,1.50
2018.06.01 10:01:06.238,1.76452,1.76478,1.00,1.75
2018.06.01 10:01:06.395,1.76452,1.76477,1.00,2.25
2018.06.01 10:01:06.548,1.76448,1.76475,2.25,1.44
2018.06.01 10:01:06.855,1.76449,1.76476,1.00,1.13
2018.06.01 10:01:07.007,1.76447,1.76474,1.50,1.31
2018.06.01 10:01:07.210,1.76448,1.76474,1.00,2.63
2018.06.01 10:01:07.606,1.76446,1.76472,1.00,1.75
2018.06.01 10:01:07.863,1.76447,1.76472,1.00,1.31
2018.06.01 10:01:08.400,1.76447,1.76473,1.00,1.88
2018.06.01 10:01:08.451,1.76447,1.76473,1.00,2.25
2018.06.01 10:01:08.856,1.76445,1.76472,1.50,1.50
2018.06.01 10:01:08.936,1.76445,1.76472,2.25,1.88
2018.06.01 10:01:08.987,1.76448,1.76471,1.00,1.13
2018.06.01 10:01:09.511,1.76451,1.76471,1.00,1.56
2018.06.01 10:01:09.561,1.76451,1.76472,1.00,1.50
2018.06.01 10:01:09.725,1.76451,1.76476,1.00,3.38
2018.06.01 10:01:09.831,1.76448,1.76475,1.00,2.63
2018.06.01 10:01:10.408,1.76451,1.76475,1.00,2.06
2018.06.01 10:01:10.662,1.76449,1.76475,1.00,3.19
2018.06.01 10:01:10.868,1.76449,1.76476,1.00,2.63
2018.06.01 10:01:10.919,1.76451,1.76476,1.00,2.63
2018.06.01 10:01:11.073,1.76449,1.76475,1.50,1.56
2018.06.01 10:01:11.452,1.76449,1.76473,1.00,1.19
2018.06.01 10:01:11.521,1.76447,1.76473,1.00,1.19
2018.06.01 10:01:11.776,1.76449,1.76474,2.25,1.31
2018.06.01 10:01:12.118,1.76449,1.76473,1.50,1.88
2018.06.01 10:01:12.426,1.76451,1.76473,1.00,1.81
2018.06.01 10:01:12.529,1.76446,1.76472,1.50,2.25
2018.06.01 10:01:12.679,1.76444,1.76469,1.00,1.81
2018.06.01 10:01:12.986,1.76441,1.76463,1.00,1.00
2018.06.01 10:01:13.292,1.76444,1.76463,1.00,1.00
2018.06.01 10:01:13.600,1.76448,1.76465,1.00,1.00
2018.06.01 10:01:13.704,1.76448,1.76472,1.00,1.69
2018.06.01 10:01:13.756,1.76444,1.76472,1.00,1.50
2018.06.01 10:01:13.963,1.76443,1.76467,1.00,1.00
2018.06.01 10:01:14.295,1.76449,1.76472,1.00,1.00
2018.06.01 10:01:14.613,1.76442,1.76464,1.00,1.00
2018.06.01 10:01:14.848,1.76443,1.7647,1.00,1.25
2018.06.01 10:01:15.229,1.76442,1.76465,1.00,1.00
2018.06.01 10:01:15.938,1.76441,1.76465,1.25,1.00
2018.06.01 10:01:16.283,1.76447,1.76468,1.00,1.00
2018.06.01 10:01:16.488,1.76445,1.76467,1.00,1.00
2018.06.01 10:01:17.007,1.76442,1.76467,2.63,1.00
2018.06.01 10:01:17.109,1.76441,1.76467,3.00,1.00
2018.06.01 10:01:17.582,1.76442,1.76462,1.50,1.00
2018.06.01 10:01:17.937,1.76438,1.76461,1.00,1.25
2018.06.01 10:01:18.062,1.76441,1.76467,1.00,1.75
2018.06.01 10:01:18.118,1.76441,1.76467,1.00,1.50
2018.06.01 10:01:18.169,1.76438,1.76468,1.00,2.25
2018.06.01 10:01:18.372,1.76438,1.76467,1.00,1.38
2018.06.01 10:01:18.728,1.76438,1.76466,1.00,1.13
2018.06.01 10:01:18.780,1.76438,1.76467,1.00,1.13
2018.06.01 10:01:18.832,1.76438,1.76468,1.00,3.00
2018.06.01 10:01:19.152,1.76436,1.76463,1.00,1.56
2018.06.01 10:01:19.357,1.76436,1.76463,1.00,1.88
2018.06.01 10:01:19.511,1.76436,1.76463,1.00,1.38
2018.06.01 10:01:19.648,1.76437,1.76463,1.25,1.00
2018.06.01 10:01:19.852,1.76439,1.76465,1.00,2.63
2018.06.01 10:01:20.162,1.76445,1.76465,1.00,1.00
2018.06.01 10:01:20.292,1.76445,1.7647,1.00,1.88
2018.06.01 10:01:20.590,1.76444,1.7647,1.00,2.44
2018.06.01 10:01:20.896,1.76442,1.76464,1.00,1.00
2018.06.01 10:01:21.215,1.76433,1.76455,1.50,1.00
2018.06.01 10:01:21.570,1.76431,1.76455,1.25,1.00
2018.06.01 10:01:21.627,1.76432,1.76455,1.75,1.00
2018.06.01 10:01:21.678,1.76436,1.76462,1.25,1.00
2018.06.01 10:01:21.860,1.76441,1.76463,1.00,1.13
2018.06.01 10:01:21.911,1.76434,1.76463,2.25,1.69
2018.06.01 10:01:21.964,1.76434,1.76461,1.00,1.00
2018.06.01 10:01:22.404,1.76438,1.7646,1.00,1.00
2018.06.01 10:01:22.708,1.76436,1.76461,1.00,1.00
2018.06.01 10:01:22.760,1.76438,1.76461,1.00,1.25
2018.06.01 10:01:22.812,1.76434,1.76462,1.25,1.88
2018.06.01 10:01:23.163,1.76433,1.7646,2.63,1.00
2018.06.01 10:01:23.418,1.76438,1.76465,1.00,1.19
2018.06.01 10:01:23.570,1.76438,1.76461,1.00,1.00
2018.06.01 10:01:24.087,1.76439,1.7646,1.00,1.00
2018.06.01 10:01:24.189,1.76437,1.7646,1.50,1.00
2018.06.01 10:01:24.291,1.76439,1.76459,1.00,1.00
2018.06.01 10:01:24.536,1.76437,1.76465,1.13,3.00
2018.06.01 10:01:24.587,1.76439,1.76464,1.88,1.00
2018.06.01 10:01:24.639,1.76442,1.7647,1.00,1.50
2018.06.01 10:01:24.693,1.76443,1.76471,1.00,1.50
2018.06.01 10:01:24.846,1.76443,1.76471,1.00,1.50
2018.06.01 10:01:24.948,1.76447,1.76472,1.00,1.31
2018.06.01 10:01:25.286,1.76455,1.76478,1.00,1.44
2018.06.01 10:01:25.794,1.76455,1.7648,1.00,1.75
2018.06.01 10:01:26.305,1.76454,1.76479,1.00,1.56
2018.06.01 10:01:26.658,1.76446,1.7647,1.00,1.75
2018.06.01 10:01:26.812,1.76446,1.7647,1.50,2.06
2018.06.01 10:01:26.865,1.7645,1.76472,1.00,2.25
2018.06.01 10:01:27.192,1.76449,1.76475,1.50,1.88
2018.06.01 10:01:27.244,1.76452,1.76479,1.00,1.50
2018.06.01 10:01:27.553,1.76456,1.76478,1.00,1.75
2018.06.01 10:01:27.707,1.76457,1.76478,1.00,1.44
2018.06.01 10:01:27.758,1.76455,1.76478,1.00,1.38
2018.06.01 10:01:28.290,1.76451,1.76479,1.88,1.31
2018.06.01 10:01:28.341,1.76456,1.76481,1.00,1.31
2018.06.01 10:01:28.872,1.76455,1.76482,2.25,1.75
2018.06.01 10:01:29.178,1.76455,1.76482,1.00,1.75
2018.06.01 10:01:29.281,1.76455,1.76481,1.50,1.75
2018.06.01 10:01:29.672,1.76455,1.76481,1.00,1.75
2018.06.01 10:01:29.724,1.76455,1.76481,1.00,1.75
2018.06.01 10:01:30.233,1.76456,1.76476,1.00,1.00
2018.06.01 10:01:30.417,1.76454,1.7648,1.00,1.75
2018.06.01 10:01:30.521,1.76454,1.76481,1.00,2.06
2018.06.01 10:01:30.987,1.76454,1.76482,1.00,1.75
2018.06.01 10:01:31.529,1.76453,1.76477,1.00,1.19
2018.06.01 10:01:31.886,1.76453,1.76478,1.50,1.13
2018.06.01 10:01:31.989,1.76453,1.7648,1.50,2.25
2018.06.01 10:01:32.212,1.76453,1.76481,1.00,3.00
2018.06.01 10:01:32.518,1.76453,1.76483,1.00,1.75
2018.06.01 10:01:32.695,1.76453,1.76481,1.00,1.75
2018.06.01 10:01:33.343,1.76453,1.7648,1.50,1.75
2018.06.01 10:01:33.649,1.76455,1.76479,1.00,1.37
2018.06.01 10:01:33.991,1.76459,1.76481,1.00,1.00
2018.06.01 10:01:34.093,1.76459,1.76486,1.00,1.75
2018.06.01 10:01:34.196,1.76461,1.76487,1.00,1.75
2018.06.01 10:01:34.298,1.76461,1.76488,1.00,1.75
2018.06.01 10:01:34.348,1.76461,1.76489,1.50,1.75
2018.06.01 10:01:34.501,1.76458,1.76483,1.00,1.75
2018.06.01 10:01:34.670,1.76456,1.76479,1.00,1.00
2018.06.01 10:01:34.772,1.76454,1.76478,1.00,1.00
2018.06.01 10:01:35.310,1.76454,1.76482,1.00,1.75
2018.06.01 10:01:35.827,1.76453,1.76479,1.88,1.00
2018.06.01 10:01:36.100,1.76457,1.76479,1.00,1.13
2018.06.01 10:01:36.152,1.76455,1.7648,1.00,1.94
2018.06.01 10:01:36.204,1.76457,1.7648,1.00,1.38
2018.06.01 10:01:36.722,1.76457,1.7648,1.00,1.56
2018.06.01 10:01:36.845,1.76457,1.76481,1.00,1.56
2018.06.01 10:01:36.998,1.76457,1.7648,1.00,1.13
2018.06.01 10:01:37.152,1.76457,1.7648,1.00,1.19
2018.06.01 10:01:37.255,1.76457,1.76482,1.00,1.94
2018.06.01 10:01:38.149,1.76457,1.76479,1.00,1.13
2018.06.01 10:01:38.376,1.76457,1.76479,1.00,1.19
2018.06.01 10:01:38.427,1.76454,1.76479,1.00,1.31
2018.06.01 10:01:38.792,1.76454,1.76479,1.00,2.06
2018.06.01 10:01:38.843,1.76454,1.76479,1.00,2.25
2018.06.01 10:01:38.946,1.76454,1.76479,1.00,2.25
2018.06.01 10:01:39.253,1.76453,1.76477,1.00,1.31
2018.06.01 10:01:39.405,1.76453,1.76477,1.00,1.50
2018.06.01 10:01:39.558,1.7645,1.76477,1.00,1.50
2018.06.01 10:01:39.767,1.7645,1.76477,1.00,1.38
2018.06.01 10:01:39.819,1.7645,1.76477,1.50,1.50
2018.06.01 10:01:40.330,1.7645,1.76478,1.50,1.19
2018.06.01 10:01:40.483,1.7645,1.76478,1.50,1.38
2018.06.01 10:01:40.739,1.7645,1.76478,1.50,1.38
2018.06.01 10:01:40.895,1.7645,1.76478,1.50,1.75
2018.06.01 10:01:41.370,1.7645,1.76479,1.50,2.25
2018.06.01 10:01:41.473,1.7645,1.76479,1.00,2.25
2018.06.01 10:01:42.130,1.7645,1.76478,1.00,1.88
2018.06.01 10:01:42.182,1.7645,1.76478,1.13,1.69
2018.06.01 10:01:42.242,1.7645,1.76478,1.44,1.69
2018.06.01 10:01:42.586,1.76456,1.76483,1.00,2.25
2018.06.01 10:01:42.740,1.76449,1.76474,1.50,1.19
2018.06.01 10:01:42.792,1.76449,1.76475,1.00,1.13
2018.06.01 10:01:42.901,1.76449,1.76474,1.50,1.44
2018.06.01 10:01:43.467,1.7645,1.76475,1.00,1.75
2018.06.01 10:01:43.620,1.7645,1.76475,1.00,1.25
2018.06.01 10:01:43.825,1.76451,1.76475,1.00,1.19
2018.06.01 10:01:44.030,1.76451,1.76478,1.00,2.25
2018.06.01 10:01:44.183,1.76451,1.76477,1.00,1.75
2018.06.01 10:01:44.309,1.76449,1.76476,1.00,1.38
2018.06.01 10:01:44.667,1.76449,1.76478,1.00,1.75
2018.06.01 10:01:44.770,1.7645,1.76478,1.25,1.19
2018.06.01 10:01:44.872,1.76455,1.76478,1.00,1.38
2018.06.01 10:01:44.924,1.76455,1.7648,1.00,1.38
2018.06.01 10:01:45.444,1.76454,1.7648,1.00,1.38
2018.06.01 10:01:45.546,1.76454,1.76475,1.00,1.56
2018.06.01 10:01:45.705,1.76447,1.76475,1.50,1.13
2018.06.01 10:01:45.756,1.76448,1.76476,1.00,1.88
2018.06.01 10:01:45.858,1.76448,1.76476,1.00,1.75
2018.06.01 10:01:46.380,1.76447,1.76477,1.00,1.94
2018.06.01 10:01:46.645,1.76447,1.76476,1.50,1.13
2018.06.01 10:01:46.872,1.76447,1.76473,1.50,1.38
2018.06.01 10:01:47.266,1.7645,1.76476,1.00,1.75
2018.06.01 10:01:47.316,1.76451,1.76476,1.00,1.94
2018.06.01 10:01:47.570,1.76448,1.76476,1.00,1.75
2018.06.01 10:01:47.672,1.76448,1.76477,1.00,1.88
2018.06.01 10:01:47.875,1.76451,1.76477,1.00,1.19
2018.06.01 10:01:48.206,1.76451,1.76476,1.00,2.25
2018.06.01 10:01:48.308,1.76451,1.76476,1.00,1.88
2018.06.01 10:01:48.360,1.76448,1.76478,1.00,1.94
2018.06.01 10:01:48.411,1.76451,1.76478,1.00,1.94
2018.06.01 10:01:48.938,1.76451,1.76476,1.50,1.81
2018.06.01 10:01:49.248,1.76451,1.76476,1.00,1.75
2018.06.01 10:01:49.350,1.76451,1.76475,1.00,1.50
2018.06.01 10:01:49.451,1.76449,1.76475,1.00,2.25
2018.06.01 10:01:49.603,1.76448,1.76474,1.00,1.13
2018.06.01 10:01:49.949,1.76445,1.76469,1.00,2.25
2018.06.01 10:01:50.000,1.76442,1.76469,1.50,2.25
2018.06.01 10:01:50.153,1.76442,1.76468,1.50,2.25
2018.06.01 10:01:50.774,1.76442,1.76467,1.00,1.75
2018.06.01 10:01:51.267,1.7644,1.76465,1.00,1.56
2018.06.01 10:01:51.318,1.7644,1.76467,1.00,1.75
2018.06.01 10:01:51.484,1.7644,1.76466,1.00,1.13
2018.06.01 10:01:51.738,1.7644,1.76467,1.00,1.75
2018.06.01 10:01:51.789,1.7644,1.76464,1.00,1.31
2018.06.01 10:01:52.093,1.7644,1.76464,1.00,1.69
2018.06.01 10:01:52.309,1.7644,1.76463,1.00,1.25
2018.06.01 10:01:52.603,1.76439,1.76457,1.00,1.00
2018.06.01 10:01:52.654,1.76437,1.76461,1.00,1.31
2018.06.01 10:01:53.169,1.76437,1.76463,1.00,1.44
2018.06.01 10:01:53.680,1.76437,1.76463,1.00,1.00
2018.06.01 10:01:54.178,1.76437,1.76463,2.25,1.37
2018.06.01 10:01:54.280,1.76435,1.7646,1.00,1.00
2018.06.01 10:01:54.332,1.76437,1.7646,1.00,1.00
2018.06.01 10:01:54.434,1.76434,1.76461,1.00,2.44
2018.06.01 10:01:54.521,1.76436,1.76461,1.00,1.00
2018.06.01 10:01:54.572,1.76431,1.76459,1.50,1.56
2018.06.01 10:01:54.623,1.76433,1.7646,1.00,2.62
2018.06.01 10:01:54.931,1.76444,1.76464,1.00,1.00
2018.06.01 10:01:55.171,1.76452,1.76474,1.00,1.44
2018.06.01 10:01:55.274,1.76454,1.76474,1.00,1.25
2018.06.01 10:01:55.529,1.76454,1.76477,1.00,1.13
2018.06.01 10:01:55.580,1.76454,1.76477,1.00,1.38
2018.06.01 10:01:55.684,1.76454,1.76476,1.00,1.25
2018.06.01 10:01:55.809,1.76457,1.76476,1.00,1.13
2018.06.01 10:01:55.861,1.76454,1.76477,1.00,1.31
2018.06.01 10:01:55.914,1.76454,1.76476,1.00,1.38
2018.06.01 10:01:56.120,1.76452,1.76476,1.00,1.50
2018.06.01 10:01:56.481,1.76451,1.76476,1.00,1.75
2018.06.01 10:01:56.786,1.76447,1.76473,1.00,1.00
2018.06.01 10:01:57.335,1.76446,1.76473,1.00,1.50
2018.06.01 10:01:57.843,1.76445,1.76469,1.00,1.00
2018.06.01 10:01:58.709,1.76445,1.7647,1.00,1.69
2018.06.01 10:01:59.020,1.76445,1.76464,1.00,1.00
2018.06.01 10:01:59.127,1.76445,1.76471,1.00,1.44
2018.06.01 10:01:59.659,1.76443,1.76472,1.88,1.25
2018.06.01 10:01:59.761,1.76443,1.76472,2.06,1.00
2018.06.01 10:01:59.862,1.76443,1.76472,1.88,1.25
2018.06.01 10:02:00.379,1.76443,1.76472,1.31,1.00
2018.06.01 10:02:00.979,1.76446,1.76473,1.69,1.25
2018.06.01 10:02:01.235,1.76447,1.76475,2.25,1.00
2018.06.01 10:02:01.540,1.76449,1.76476,1.00,1.44
2018.06.01 10:02:01.653,1.76446,1.76476,2.25,1.13
2018.06.01 10:02:01.704,1.76446,1.76476,3.19,1.88
2018.06.01 10:02:01.805,1.76446,1.76476,2.25,1.44
2018.06.01 10:02:02.310,1.76447,1.76477,1.25,1.88
2018.06.01 10:02:02.478,1.76446,1.76477,2.25,1.50
2018.06.01 10:02:02.584,1.76446,1.76477,3.56,1.88
2018.06.01 10:02:02.942,1.76446,1.76478,3.00,1.75
2018.06.01 10:02:03.145,1.76447,1.76477,2.06,1.25
2018.06.01 10:02:03.673,1.76447,1.76477,2.06,1.12
2018.06.01 10:02:03.877,1.76451,1.76477,1.00,1.87
2018.06.01 10:02:04.105,1.76453,1.76479,1.00,1.00
2018.06.01 10:02:04.156,1.76456,1.7648,1.00,1.25
2018.06.01 10:02:04.359,1.76446,1.76477,1.50,1.25
2018.06.01 10:02:04.461,1.76448,1.76477,1.00,1.50
2018.06.01 10:02:05.029,1.76448,1.76477,1.00,2.06
2018.06.01 10:02:05.534,1.76448,1.76476,1.00,1.00
2018.06.01 10:02:05.899,1.76448,1.76475,1.00,1.50
2018.06.01 10:02:06.463,1.76448,1.76475,1.00,1.25
2018.06.01 10:02:06.776,1.76439,1.76465,1.00,1.31
2018.06.01 10:02:06.878,1.76439,1.76468,1.00,1.12
2018.06.01 10:02:06.981,1.76441,1.76467,1.00,1.69
2018.06.01 10:02:07.032,1.76438,1.76467,1.00,2.06
2018.06.01 10:02:07.083,1.76441,1.76467,1.00,1.63
2018.06.01 10:02:07.342,1.76439,1.76465,1.00,1.31
2018.06.01 10:02:07.393,1.76439,1.76465,1.00,1.63
2018.06.01 10:02:07.444,1.76437,1.76463,1.00,1.00
2018.06.01 10:02:07.495,1.76442,1.76463,1.00,1.12
2018.06.01 10:02:07.546,1.76437,1.76463,1.00,1.12
2018.06.01 10:02:08.083,1.76436,1.76461,1.00,1.12
2018.06.01 10:02:08.185,1.76436,1.76464,1.00,1.50
2018.06.01 10:02:08.236,1.76436,1.76461,1.00,1.00
2018.06.01 10:02:08.287,1.76433,1.76461,3.00,1.00
2018.06.01 10:02:08.338,1.76437,1.76461,1.00,1.00
2018.06.01 10:02:08.389,1.76433,1.76461,1.87,1.00
2018.06.01 10:02:08.447,1.76437,1.76463,1.00,1.87
2018.06.01 10:02:08.499,1.76437,1.76462,1.50,1.00
2018.06.01 10:02:08.622,1.76438,1.76464,1.00,1.00
2018.06.01 10:02:08.775,1.76441,1.76466,1.00,1.00
2018.06.01 10:02:08.877,1.76439,1.76466,1.00,1.50
2018.06.01 10:02:08.928,1.76437,1.76466,1.00,2.25
2018.06.01 10:02:09.029,1.76442,1.76467,1.00,1.50
2018.06.01 10:02:09.082,1.76437,1.76467,1.50,2.62
2018.06.01 10:02:09.180,1.76439,1.76466,1.12,1.00
2018.06.01 10:02:09.491,1.76444,1.76464,1.00,1.00
2018.06.01 10:02:09.543,1.76439,1.76465,1.00,1.50
2018.06.01 10:02:10.086,1.76439,1.76464,1.00,1.00
2018.06.01 10:02:10.483,1.76436,1.76464,1.87,1.00
2018.06.01 10:02:10.615,1.76437,1.76464,1.75,1.00
2018.06.01 10:02:10.768,1.76439,1.76466,1.12,1.50
2018.06.01 10:02:10.972,1.76442,1.76466,1.00,1.00
2018.06.01 10:02:11.503,1.76442,1.76467,1.00,1.00
2018.06.01 10:02:12.168,1.76446,1.76469,1.00,1.00
2018.06.01 10:02:12.342,1.76445,1.76476,1.56,1.00
2018.06.01 10:02:12.851,1.76447,1.76476,1.87,1.50
2018.06.01 10:02:13.128,1.7645,1.76477,1.00,1.00
2018.06.01 10:02:13.668,1.7645,1.76476,1.00,1.00
2018.06.01 10:02:14.198,1.76452,1.76477,1.12,1.00
2018.06.01 10:02:14.250,1.76455,1.76481,1.00,1.50
2018.06.01 10:02:14.506,1.76455,1.76481,1.00,1.56
2018.06.01 10:02:14.609,1.76452,1.7648,1.50,1.00
2018.06.01 10:02:14.850,1.76454,1.7648,1.00,2.44
2018.06.01 10:02:14.953,1.76452,1.7648,1.00,1.00
2018.06.01 10:02:15.210,1.76451,1.7647,1.00,1.00
2018.06.01 10:02:15.261,1.7645,1.76477,1.00,1.00
2018.06.01 10:02:15.313,1.76452,1.76475,1.00,1.00
2018.06.01 10:02:15.416,1.76452,1.76478,1.00,1.00
2018.06.01 10:02:16.567,1.76454,1.76478,1.00,1.00
2018.06.01 10:02:17.209,1.76451,1.76478,1.50,1.00
2018.06.01 10:02:17.260,1.76453,1.76472,1.00,1.00
2018.06.01 10:02:17.311,1.76451,1.76472,2.06,1.00
2018.06.01 10:02:17.362,1.76454,1.76481,1.00,1.00
2018.06.01 10:02:17.565,1.76454,1.76479,1.00,1.00
2018.06.01 10:02:17.878,1.76456,1.76482,1.00,1.69
2018.06.01 10:02:17.957,1.76456,1.76478,1.00,1.00
2018.06.01 10:02:18.059,1.76453,1.76478,1.00,1.00
2018.06.01 10:02:18.586,1.76454,1.7648,1.00,1.00
2018.06.01 10:02:18.789,1.76453,1.76483,2.25,3.19
2018.06.01 10:02:18.841,1.76453,1.76481,1.50,2.06
2018.06.01 10:02:19.147,1.76451,1.76474,1.50,1.25
2018.06.01 10:02:19.465,1.76452,1.76476,1.00,1.00
2018.06.01 10:02:19.568,1.76452,1.76481,1.56,1.00
2018.06.01 10:02:19.670,1.76452,1.76482,1.81,1.25
2018.06.01 10:02:20.215,1.76457,1.76482,1.00,1.00
2018.06.01 10:02:20.420,1.76452,1.76479,1.00,1.00
2018.06.01 10:02:20.472,1.76457,1.76479,1.00,1.00
2018.06.01 10:02:20.641,1.76453,1.76478,1.12,1.00
2018.06.01 10:02:20.847,1.76451,1.76472,1.00,1.00
2018.06.01 10:02:20.943,1.76447,1.76473,2.25,1.00
2018.06.01 10:02:21.453,1.76446,1.76473,1.87,1.00
2018.06.01 10:02:21.786,1.76452,1.76473,1.00,1.00
2018.06.01 10:02:21.992,1.76446,1.76469,1.00,1.00
2018.06.01 10:02:22.916,1.76446,1.7647,1.00,1.00
2018.06.01 10:02:23.437,1.76446,1.76474,1.37,1.50
2018.06.01 10:02:23.851,1.76446,1.76472,1.00,1.00
2018.06.01 10:02:24.072,1.76438,1.76466,1.12,1.00
2018.06.01 10:02:24.178,1.76437,1.76464,1.62,1.50
2018.06.01 10:02:24.229,1.76437,1.76464,1.00,1.00
2018.06.01 10:02:24.433,1.76437,1.76461,1.00,1.00
2018.06.01 10:02:25.074,1.76437,1.76464,1.12,1.50
2018.06.01 10:02:25.177,1.76437,1.76463,1.75,1.00
2018.06.01 10:02:25.230,1.76442,1.76466,1.12,1.00
2018.06.01 10:02:25.281,1.76442,1.76468,2.25,1.50
2018.06.01 10:02:25.456,1.76444,1.76466,1.00,1.00
2018.06.01 10:02:25.507,1.76442,1.76468,1.50,1.00
2018.06.01 10:02:25.558,1.76441,1.76466,1.00,1.00
2018.06.01 10:02:26.065,1.76441,1.76467,1.50,1.00
2018.06.01 10:02:26.116,1.76441,1.76469,2.25,1.50
2018.06.01 10:02:26.166,1.76446,1.76469,1.00,1.50
2018.06.01 10:02:26.399,1.76447,1.76471,1.50,1.00
2018.06.01 10:02:26.501,1.76451,1.76471,1.00,1.00
2018.06.01 10:02:26.653,1.76447,1.76472,1.00,1.00
2018.06.01 10:02:27.286,1.76447,1.76474,1.12,1.50
2018.06.01 10:02:27.591,1.76451,1.76473,1.00,1.00
2018.06.01 10:02:28.054,1.76452,1.76475,1.00,1.00
2018.06.01 10:02:28.151,1.76452,1.7647,1.00,1.00
2018.06.01 10:02:28.203,1.76447,1.7647,1.00,1.00
2018.06.01 10:02:28.255,1.76444,1.76472,1.62,1.00
2018.06.01 10:02:28.307,1.76447,1.76472,1.00,1.00
2018.06.01 10:02:28.614,1.76447,1.76476,1.87,1.00
2018.06.01 10:02:28.665,1.76447,1.76474,2.25,1.00
2018.06.01 10:02:29.538,1.76446,1.76474,1.50,1.00
2018.06.01 10:02:30.699,1.76446,1.76474,1.87,1.00
2018.06.01 10:02:31.021,1.76451,1.76473,1.00,1.00
2018.06.01 10:02:31.073,1.76443,1.76469,1.00,1.12
2018.06.01 10:02:31.125,1.76441,1.76467,1.00,1.00
2018.06.01 10:02:31.230,1.76437,1.76467,1.56,1.00
2018.06.01 10:02:31.540,1.76438,1.76466,2.81,1.00
2018.06.01 10:02:31.644,1.76441,1.76469,1.56,1.00
2018.06.01 10:02:31.696,1.76446,1.76469,1.00,1.00
2018.06.01 10:02:31.747,1.76447,1.76472,1.37,1.00
2018.06.01 10:02:31.799,1.76451,1.76474,1.00,1.00
2018.06.01 10:02:31.850,1.76448,1.76476,1.00,1.00
2018.06.01 10:02:31.901,1.76448,1.76474,1.00,1.00
2018.06.01 10:02:32.055,1.76442,1.76472,1.50,1.12
2018.06.01 10:02:32.638,1.76447,1.76472,1.00,1.00
2018.06.01 10:02:32.794,1.76442,1.76468,1.50,1.00
2018.06.01 10:02:32.948,1.76446,1.76468,1.00,1.00
2018.06.01 10:02:33.206,1.76447,1.76472,1.62,1.00
2018.06.01 10:02:33.453,1.76447,1.76474,1.87,1.00
2018.06.01 10:02:34.110,1.76447,1.76474,2.62,1.00
2018.06.01 10:02:34.638,1.76447,1.76474,1.87,1.00
2018.06.01 10:02:35.176,1.76447,1.7647,1.00,1.00
2018.06.01 10:02:35.521,1.76442,1.76466,1.12,1.00
2018.06.01 10:02:35.572,1.76452,1.76469,1.00,1.50
2018.06.01 10:02:35.674,1.76451,1.76472,1.00,1.00
2018.06.01 10:02:35.775,1.76452,1.76474,1.00,2.25
2018.06.01 10:02:36.213,1.76447,1.76473,1.00,1.00
2018.06.01 10:02:36.756,1.76445,1.76473,1.12,1.00
2018.06.01 10:02:36.808,1.76448,1.76473,1.12,1.00
2018.06.01 10:02:36.859,1.76447,1.76475,2.25,1.00
2018.06.01 10:02:36.911,1.76448,1.76473,1.87,1.00
2018.06.01 10:02:37.092,1.76447,1.76476,2.62,1.00
2018.06.01 10:02:37.143,1.76447,1.76478,2.62,1.00
2018.06.01 10:02:37.741,1.76452,1.76478,1.00,1.50
2018.06.01 10:02:38.898,1.76452,1.76477,1.00,1.00
2018.06.01 10:02:39.201,1.76447,1.76477,2.06,1.00
2018.06.01 10:02:39.253,1.76462,1.76478,1.00,1.00
2018.06.01 10:02:39.306,1.76452,1.76473,1.00,1.00
2018.06.01 10:02:39.357,1.76451,1.76476,1.00,1.00
2018.06.01 10:02:39.868,1.76452,1.76477,1.00,2.44
2018.06.01 10:02:40.021,1.76447,1.76476,1.69,1.69
2018.06.01 10:02:40.074,1.76451,1.76475,1.00,1.50
2018.06.01 10:02:40.278,1.76451,1.7648,1.00,1.00
2018.06.01 10:02:40.381,1.76449,1.7648,1.12,1.50
2018.06.01 10:02:40.432,1.76449,1.7648,1.37,1.50
2018.06.01 10:02:40.772,1.76452,1.76478,1.00,1.00
2018.06.01 10:02:41.317,1.76451,1.76478,1.12,1.00
2018.06.01 10:02:41.648,1.76447,1.76478,1.87,1.50
2018.06.01 10:02:41.910,1.76447,1.76476,1.12,1.50
2018.06.01 10:02:42.218,1.76445,1.76474,1.00,1.25
2018.06.01 10:02:42.846,1.76446,1.76474,1.00,1.31
2018.06.01 10:02:43.399,1.76446,1.76474,1.00,1.00
2018.06.01 10:02:43.452,1.76445,1.76476,1.37,1.00
2018.06.01 10:02:43.819,1.76445,1.76472,2.25,1.69
2018.06.01 10:02:44.158,1.76452,1.76477,1.31,1.00
2018.06.01 10:02:44.261,1.7645,1.76479,1.00,1.00
2018.06.01 10:02:44.371,1.76452,1.76478,1.00,1.00
2018.06.01 10:02:44.692,1.76457,1.76483,1.00,1.12
2018.06.01 10:02:44.998,1.76457,1.7648,1.00,1.25
2018.06.01 10:02:45.310,1.76453,1.76477,1.00,1.31
2018.06.01 10:02:45.453,1.7645,1.76477,1.00,1.00
2018.06.01 10:02:45.505,1.76451,1.76477,1.00,3.37
2018.06.01 10:02:45.558,1.76449,1.76476,1.00,1.37
2018.06.01 10:02:45.611,1.76456,1.76476,1.00,1.00
2018.06.01 10:02:45.717,1.76456,1.76479,1.31,1.00
2018.06.01 10:02:45.769,1.76462,1.76484,1.00,1.00
2018.06.01 10:02:45.872,1.76459,1.76484,1.00,1.56
2018.06.01 10:02:45.923,1.76457,1.76482,1.00,1.00
2018.06.01 10:02:46.097,1.76454,1.76481,1.50,1.87
2018.06.01 10:02:46.302,1.76451,1.7648,1.50,1.50
2018.06.01 10:02:46.874,1.76462,1.76484,1.00,1.00
2018.06.01 10:02:46.926,1.76459,1.76487,1.00,1.12
2018.06.01 10:02:46.977,1.76461,1.76488,1.00,2.25
2018.06.01 10:02:47.282,1.76461,1.76485,1.00,1.00
2018.06.01 10:02:47.766,1.76456,1.76486,2.62,1.00
2018.06.01 10:02:48.130,1.76461,1.76485,1.00,1.00
2018.06.01 10:02:50.192,1.76457,1.76485,1.00,1.25
2018.06.01 10:02:50.243,1.76461,1.76484,1.00,1.00
2018.06.01 10:02:50.295,1.76457,1.76484,1.00,1.00
2018.06.01 10:02:50.347,1.76461,1.76484,1.00,1.00
2018.06.01 10:02:50.399,1.76461,1.76486,1.00,1.00
2018.06.01 10:02:50.927,1.76462,1.76486,1.00,1.25
2018.06.01 10:02:51.429,1.76461,1.76485,1.00,1.00
2018.06.01 10:02:51.811,1.76458,1.76484,1.00,2.25
2018.06.01 10:02:52.067,1.76456,1.76481,1.50,1.12
2018.06.01 10:02:52.387,1.76456,1.76474,1.00,1.00
2018.06.01 10:02:52.439,1.76456,1.76479,1.00,1.00
2018.06.01 10:02:52.543,1.76461,1.76479,1.00,1.00
2018.06.01 10:02:52.747,1.76457,1.7648,1.00,1.00
2018.06.01 10:02:52.856,1.76461,1.76481,1.00,1.00
2018.06.01 10:02:52.909,1.76457,1.76481,1.00,1.00
2018.06.01 10:02:53.042,1.76456,1.76479,1.00,1.00
2018.06.01 10:02:53.350,1.76458,1.7648,1.00,1.00
2018.06.01 10:02:53.503,1.76456,1.7648,1.00,1.00
2018.06.01 10:02:54.546,1.76452,1.76477,1.00,1.00
2018.06.01 10:02:55.065,1.76452,1.76476,1.00,1.00
2018.06.01 10:02:56.825,1.76452,1.76477,1.87,1.00
2018.06.01 10:02:57.131,1.76456,1.76477,1.00,1.00
2018.06.01 10:02:57.566,1.76457,1.7648,1.12,1.00
2018.06.01 10:02:57.618,1.76456,1.76478,1.00,1.00
2018.06.01 10:02:57.873,1.76456,1.7648,1.50,1.00
2018.06.01 10:02:58.305,1.76457,1.76478,1.00,1.00
2018.06.01 10:02:58.407,1.76457,1.7648,1.00,1.00
2018.06.01 10:02:58.560,1.76455,1.76479,1.00,1.00
2018.06.01 10:02:58.975,1.76456,1.76482,1.00,1.00
2018.06.01 10:02:59.225,1.76455,1.76479,1.00,1.00
2018.06.01 10:02:59.379,1.76457,1.76482,1.00,1.00
2018.06.01 10:02:59.535,1.76457,1.76484,1.00,1.00
2018.06.01 10:02:59.637,1.76456,1.76481,1.50,1.00
2018.06.01 10:03:00.051,1.76457,1.76483,1.00,1.12
2018.06.01 10:03:00.487,1.76457,1.76481,1.00,1.00
2018.06.01 10:03:00.742,1.76455,1.76481,1.00,1.00
2018.06.01 10:03:00.932,1.7645,1.76475,2.25,1.00
2018.06.01 10:03:01.034,1.76447,1.76476,2.25,1.50
2018.06.01 10:03:01.085,1.76452,1.76476,1.00,1.50
2018.06.01 10:03:01.290,1.76452,1.76479,1.50,1.00
2018.06.01 10:03:01.442,1.76457,1.76479,1.00,1.00
2018.06.01 10:03:01.665,1.76461,1.76485,1.00,1.00
2018.06.01 10:03:01.876,1.76462,1.76484,1.00,1.37
2018.06.01 10:03:02.029,1.76457,1.76484,1.50,1.31
2018.06.01 10:03:02.183,1.76457,1.76481,1.00,1.00
2018.06.01 10:03:02.743,1.76457,1.7648,1.00,1.00
2018.06.01 10:03:02.948,1.76459,1.76484,1.00,1.00
2018.06.01 10:03:03.119,1.76458,1.76482,1.56,1.00
2018.06.01 10:03:03.424,1.76462,1.76485,1.00,1.00
2018.06.01 10:03:03.611,1.76458,1.76483,1.50,1.00
2018.06.01 10:03:03.845,1.76457,1.76483,2.25,1.25
2018.06.01 10:03:04.444,1.76456,1.7648,2.25,1.00
2018.06.01 10:03:04.956,1.76462,1.76484,1.00,2.06
2018.06.01 10:03:05.491,1.76456,1.7648,1.50,1.00
2018.06.01 10:03:05.849,1.76456,1.76477,1.00,1.00
2018.06.01 10:03:05.951,1.76452,1.76477,1.00,1.00
2018.06.01 10:03:06.003,1.76462,1.76477,1.00,1.00
2018.06.01 10:03:06.123,1.76458,1.76479,1.25,1.00
2018.06.01 10:03:06.176,1.76462,1.76485,1.00,1.00
2018.06.01 10:03:06.227,1.7646,1.76486,1.50,1.00
2018.06.01 10:03:06.484,1.76461,1.76484,1.00,1.00
2018.06.01 10:03:07.016,1.76461,1.76485,1.00,1.25
2018.06.01 10:03:07.534,1.76462,1.76485,1.00,1.00
2018.06.01 10:03:07.586,1.76459,1.76485,1.00,1.25
2018.06.01 10:03:07.687,1.76459,1.76482,1.00,1.00
2018.06.01 10:03:08.171,1.76461,1.76482,1.00,1.00
2018.06.01 10:03:08.550,1.76461,1.76484,1.00,1.25
2018.06.01 10:03:08.854,1.76459,1.76484,1.00,1.00
2018.06.01 10:03:09.384,1.7646,1.76484,1.00,1.00
2018.06.01 10:03:10.002,1.76461,1.76485,1.50,1.00
2018.06.01 10:03:10.162,1.76458,1.76485,1.00,1.00
2018.06.01 10:03:10.213,1.76461,1.76485,1.00,1.00
2018.06.01 10:03:10.526,1.76467,1.7649,2.06,1.00
2018.06.01 10:03:10.643,1.76467,1.7649,1.50,1.50
2018.06.01 10:03:10.706,1.76477,1.76496,1.00,1.00
2018.06.01 10:03:10.757,1.76477,1.76499,1.00,1.50
2018.06.01 10:03:10.808,1.76477,1.76501,1.00,1.50
2018.06.01 10:03:11.014,1.76472,1.765,2.25,1.00
2018.06.01 10:03:11.170,1.76472,1.76498,1.50,1.00
2018.06.01 10:03:11.508,1.76476,1.76493,1.00,1.00
2018.06.01 10:03:11.814,1.76472,1.76494,1.50,1.00
2018.06.01 10:03:11.966,1.76472,1.76491,1.50,1.00
2018.06.01 10:03:12.517,1.76472,1.76492,1.00,1.00
2018.06.01 10:03:12.780,1.76469,1.7649,1.00,1.00
2018.06.01 10:03:12.831,1.76472,1.7649,1.00,1.00
2018.06.01 10:03:13.135,1.76469,1.76488,1.00,1.00
2018.06.01 10:03:13.238,1.76471,1.76489,1.00,1.00
2018.06.01 10:03:13.290,1.76469,1.76489,1.00,1.00
2018.06.01 10:03:13.445,1.76467,1.76491,1.00,1.00
2018.06.01 10:03:13.496,1.76471,1.76491,1.00,1.00
2018.06.01 10:03:13.991,1.76468,1.76492,1.00,1.00
2018.06.01 10:03:14.093,1.76468,1.76489,1.00,1.00
2018.06.01 10:03:14.144,1.76468,1.76491,1.00,1.00
2018.06.01 10:03:14.196,1.7647,1.76491,1.00,1.00
2018.06.01 10:03:14.352,1.76479,1.76501,1.00,1.00
2018.06.01 10:03:14.460,1.76479,1.76503,1.25,1.00
2018.06.01 10:03:14.512,1.7648,1.76505,1.00,1.00
2018.06.01 10:03:14.718,1.76486,1.76505,1.00,1.50
2018.06.01 10:03:14.769,1.76482,1.76505,1.00,2.62
2018.06.01 10:03:14.821,1.76479,1.76505,1.00,3.38
2018.06.01 10:03:15.025,1.76481,1.76503,1.00,1.00
2018.06.01 10:03:15.405,1.76479,1.76499,1.00,1.00
2018.06.01 10:03:15.456,1.76476,1.76499,1.50,1.50
2018.06.01 10:03:15.508,1.76474,1.76498,1.00,1.00
2018.06.01 10:03:15.761,1.76473,1.76495,1.50,1.00
2018.06.01 10:03:16.302,1.76474,1.76488,1.00,1.00
2018.06.01 10:03:16.355,1.76472,1.76488,1.00,1.00
2018.06.01 10:03:16.795,1.76467,1.76487,1.00,1.00
2018.06.01 10:03:17.670,1.76467,1.76489,2.06,1.00
2018.06.01 10:03:17.722,1.76468,1.76493,1.44,1.00
2018.06.01 10:03:17.774,1.76468,1.76495,1.50,1.00
2018.06.01 10:03:18.008,1.76471,1.76495,1.00,1.25
2018.06.01 10:03:18.265,1.76468,1.76493,1.12,1.50
2018.06.01 10:03:18.853,1.76468,1.7649,1.00,1.00
2018.06.01 10:03:18.988,1.76463,1.76487,1.00,1.00
2018.06.01 10:03:19.144,1.76464,1.76489,2.06,1.00
2018.06.01 10:03:19.461,1.76466,1.76491,2.25,1.00
2018.06.01 10:03:19.788,1.76467,1.76486,1.00,1.00
2018.06.01 10:03:19.871,1.76461,1.76486,1.00,1.00
2018.06.01 10:03:19.923,1.76461,1.76484,1.13,1.00
2018.06.01 10:03:19.975,1.76461,1.76487,1.44,1.00
2018.06.01 10:03:20.448,1.76461,1.76485,1.25,1.00
2018.06.01 10:03:21.013,1.76462,1.76485,1.00,1.00
2018.06.01 10:03:21.320,1.76461,1.76481,1.25,1.00
2018.06.01 10:03:21.760,1.76462,1.76483,1.00,1.00
2018.06.01 10:03:21.863,1.76461,1.76485,1.00,1.50
2018.06.01 10:03:22.461,1.76471,1.76486,1.00,1.00
2018.06.01 10:03:22.817,1.76466,1.76487,1.00,1.00
2018.06.01 10:03:22.969,1.76466,1.7649,1.00,1.50
2018.06.01 10:03:23.489,1.76466,1.76487,1.00,1.00
2018.06.01 10:03:23.540,1.76463,1.76488,1.00,1.00
2018.06.01 10:03:23.591,1.76463,1.76485,1.00,1.00
2018.06.01 10:03:23.642,1.76461,1.76485,1.00,1.00
2018.06.01 10:03:23.694,1.76461,1.76482,1.00,1.00
2018.06.01 10:03:23.745,1.76461,1.76484,1.00,1.00
2018.06.01 10:03:23.907,1.76467,1.76485,1.00,1.00
2018.06.01 10:03:23.959,1.76466,1.76488,1.00,1.00
2018.06.01 10:03:24.010,1.76463,1.76486,1.00,1.00
2018.06.01 10:03:24.062,1.76462,1.76484,1.00,1.25
2018.06.01 10:03:24.371,1.76461,1.76482,1.00,1.00
2018.06.01 10:03:24.872,1.76461,1.76481,1.00,1.00
2018.06.01 10:03:25.684,1.76461,1.76483,1.00,1.50
2018.06.01 10:03:25.836,1.76466,1.76482,1.00,1.00
2018.06.01 10:03:25.964,1.76467,1.76487,1.31,1.00
2018.06.01 10:03:26.117,1.76469,1.76489,1.00,1.00
2018.06.01 10:03:26.270,1.76466,1.7649,1.00,1.00
2018.06.01 10:03:26.372,1.76468,1.76491,1.00,1.50
2018.06.01 10:03:26.702,1.76462,1.76485,1.50,1.00
2018.06.01 10:03:27.317,1.76462,1.76486,1.00,1.00
2018.06.01 10:03:27.624,1.76462,1.76481,1.00,1.00
2018.06.01 10:03:27.928,1.76467,1.76485,1.00,1.50
2018.06.01 10:03:27.980,1.76461,1.76485,1.31,1.00
2018.06.01 10:03:28.274,1.76463,1.76487,1.13,1.00
2018.06.01 10:03:28.532,1.76469,1.76495,1.31,1.00
2018.06.01 10:03:28.637,1.76472,1.76495,1.00,1.00
2018.06.01 10:03:29.140,1.76472,1.76495,1.38,1.00
2018.06.01 10:03:29.447,1.76472,1.76493,1.00,1.00
2018.06.01 10:03:30.211,1.76471,1.76493,1.00,1.00
2018.06.01 10:03:30.313,1.76471,1.76498,1.88,1.00
2018.06.01 10:03:30.365,1.76472,1.76494,1.00,1.00
2018.06.01 10:03:30.701,1.76477,1.76496,1.00,1.00
2018.06.01 10:03:30.753,1.76477,1.76498,1.00,1.00
2018.06.01 10:03:31.010,1.76476,1.765,1.00,2.25
2018.06.01 10:03:31.407,1.76473,1.76499,1.25,1.00
2018.06.01 10:03:31.473,1.76466,1.76491,1.00,1.00
2018.06.01 10:03:31.781,1.76466,1.76485,1.00,1.00
2018.06.01 10:03:31.833,1.76462,1.76486,1.25,1.50
2018.06.01 10:03:32.352,1.76461,1.76484,1.12,1.00
2018.06.01 10:03:32.505,1.76456,1.76482,2.81,1.00
2018.06.01 10:03:32.606,1.76454,1.76479,1.88,1.00
2018.06.01 10:03:32.708,1.76451,1.76477,1.50,1.00
2018.06.01 10:03:32.759,1.76451,1.76473,1.00,1.00
2018.06.01 10:03:33.066,1.76452,1.76471,1.00,1.00
2018.06.01 10:03:33.122,1.76452,1.76474,1.00,1.00
2018.06.01 10:03:33.224,1.76451,1.76477,1.69,1.50
2018.06.01 10:03:33.326,1.76453,1.76478,1.00,1.00
2018.06.01 10:03:33.483,1.76454,1.76482,2.06,1.00
2018.06.01 10:03:33.535,1.76456,1.76482,1.00,1.00
2018.06.01 10:03:34.038,1.76457,1.76481,1.00,1.00
2018.06.01 10:03:34.435,1.76453,1.76478,1.50,1.00
2018.06.01 10:03:34.956,1.76453,1.76477,1.00,1.00
2018.06.01 10:03:35.401,1.76457,1.76477,1.25,1.00
2018.06.01 10:03:35.656,1.76472,1.76494,1.00,1.00
2018.06.01 10:03:35.769,1.76472,1.76499,1.00,2.06
2018.06.01 10:03:35.922,1.76473,1.765,1.00,2.44
2018.06.01 10:03:36.023,1.76476,1.76497,1.00,1.00
2018.06.01 10:03:36.126,1.76473,1.76497,1.00,1.00
2018.06.01 10:03:36.177,1.76476,1.76497,1.00,1.00
2018.06.01 10:03:37.065,1.76476,1.76495,1.00,1.00
2018.06.01 10:03:37.167,1.76473,1.76495,1.00,1.00
2018.06.01 10:03:38.497,1.76472,1.76495,1.69,1.00
2018.06.01 10:03:39.085,1.76473,1.76495,1.13,1.00
2018.06.01 10:03:39.590,1.76472,1.76495,1.50,1.00
2018.06.01 10:03:39.694,1.76472,1.765,1.00,1.38
2018.06.01 10:03:39.897,1.76472,1.76496,1.00,1.00
2018.06.01 10:03:40.653,1.76473,1.76496,1.00,1.00
2018.06.01 10:03:41.260,1.76466,1.76492,1.69,1.00
2018.06.01 10:03:41.361,1.76464,1.76489,1.31,1.00
2018.06.01 10:03:41.711,1.76468,1.7649,1.37,1.00
2018.06.01 10:03:41.762,1.76469,1.76496,1.81,1.00
2018.06.01 10:03:42.071,1.76469,1.76495,1.00,1.38
2018.06.01 10:03:42.123,1.76465,1.76492,1.00,1.38
2018.06.01 10:03:42.174,1.76462,1.7649,2.44,1.88
2018.06.01 10:03:42.554,1.76466,1.76488,1.00,1.00
2018.06.01 10:03:42.808,1.76476,1.76502,1.37,1.00
2018.06.01 10:03:43.130,1.76482,1.76503,1.00,1.00
2018.06.01 10:03:43.282,1.76482,1.76505,1.00,1.00
2018.06.01 10:03:43.924,1.76476,1.76505,2.06,1.00
2018.06.01 10:03:44.026,1.76476,1.76502,1.56,1.00
2018.06.01 10:03:44.080,1.76476,1.76501,1.00,1.00
2018.06.01 10:03:44.131,1.76474,1.76499,1.25,1.00
2018.06.01 10:03:44.437,1.76476,1.76497,1.00,1.00
2018.06.01 10:03:44.742,1.76476,1.76495,1.00,1.00
2018.06.01 10:03:44.895,1.76472,1.76495,1.00,1.00
2018.06.01 10:03:45.625,1.76476,1.76495,1.00,1.00
2018.06.01 10:03:46.237,1.76472,1.76495,1.00,1.00
2018.06.01 10:03:46.288,1.76476,1.76495,1.00,1.00
2018.06.01 10:03:46.774,1.76471,1.76492,1.00,1.00
2018.06.01 10:03:47.475,1.76471,1.76495,1.25,1.50
2018.06.01 10:03:48.074,1.76476,1.76495,1.00,1.00
2018.06.01 10:03:48.125,1.76471,1.76496,1.00,1.50
2018.06.01 10:03:48.228,1.76471,1.76493,1.00,1.00
2018.06.01 10:03:48.332,1.76468,1.76491,1.00,1.00
2018.06.01 10:03:48.387,1.76477,1.76491,1.00,1.00
2018.06.01 10:03:48.439,1.76477,1.76493,1.00,1.00
2018.06.01 10:03:48.491,1.76477,1.76495,1.00,1.00
2018.06.01 10:03:48.594,1.76476,1.76497,1.00,1.00
2018.06.01 10:03:49.003,1.76471,1.76498,1.25,1.00
2018.06.01 10:03:49.054,1.76471,1.76496,1.25,1.00
2018.06.01 10:03:49.479,1.76471,1.76499,1.31,1.50
2018.06.01 10:03:50.059,1.76472,1.76498,1.00,1.00
2018.06.01 10:03:50.677,1.76472,1.76498,2.06,1.00
2018.06.01 10:03:51.750,1.76475,1.76498,1.00,1.00
2018.06.01 10:03:52.807,1.76471,1.76498,1.00,1.13
2018.06.01 10:03:53.320,1.76477,1.76498,1.00,1.00
2018.06.01 10:03:53.643,1.76481,1.76503,1.00,2.25
2018.06.01 10:03:54.248,1.76481,1.76501,1.00,1.00
2018.06.01 10:03:54.584,1.76481,1.76503,1.00,1.50
2018.06.01 10:03:54.635,1.76476,1.76503,1.38,1.50
2018.06.01 10:03:54.840,1.76482,1.76503,1.00,1.00
2018.06.01 10:03:55.066,1.76477,1.76503,1.88,1.00
2018.06.01 10:03:55.169,1.76472,1.76499,1.50,2.06
2018.06.01 10:03:55.273,1.76467,1.76493,1.00,2.06
2018.06.01 10:03:55.324,1.76467,1.76489,1.00,1.00
2018.06.01 10:03:56.197,1.76471,1.76489,1.00,1.50
2018.06.01 10:03:57.734,1.76467,1.76489,1.00,1.50
2018.06.01 10:03:57.786,1.76472,1.76489,1.00,1.00
2018.06.01 10:03:57.889,1.76467,1.76486,1.00,1.00
2018.06.01 10:03:58.279,1.76462,1.76481,1.00,1.00
2018.06.01 10:03:58.740,1.76462,1.76485,1.00,1.50
2018.06.01 10:03:58.792,1.76461,1.76488,1.00,1.88
2018.06.01 10:03:58.894,1.76462,1.76484,1.00,1.00
2018.06.01 10:03:59.249,1.76462,1.76482,1.00,1.00
2018.06.01 10:03:59.350,1.76457,1.76482,1.50,1.00
2018.06.01 10:03:59.401,1.76462,1.7648,1.00,1.00
2018.06.01 10:03:59.933,1.76462,1.76484,1.00,1.00
2018.06.01 10:04:00.040,1.76457,1.76484,1.50,1.00
2018.06.01 10:04:00.092,1.76462,1.76484,1.00,1.00
2018.06.01 10:04:00.626,1.76457,1.76483,1.88,1.00
2018.06.01 10:04:00.677,1.76457,1.76483,1.50,1.00
2018.06.01 10:04:00.810,1.76457,1.76483,1.38,1.00
2018.06.01 10:04:01.161,1.76466,1.76483,1.00,1.00
2018.06.01 10:04:01.315,1.76466,1.76485,1.00,1.00
2018.06.01 10:04:01.366,1.76467,1.76487,1.00,1.00
2018.06.01 10:04:01.419,1.76467,1.76489,1.00,1.00
2018.06.01 10:04:01.532,1.76461,1.76489,2.25,1.00
2018.06.01 10:04:01.584,1.76461,1.76486,2.25,1.50
2018.06.01 10:04:01.991,1.76461,1.76483,1.19,1.00
2018.06.01 10:04:02.293,1.76467,1.76483,1.00,1.00
2018.06.01 10:04:02.344,1.76462,1.76484,1.00,1.00
2018.06.01 10:04:02.504,1.76466,1.76485,1.00,1.00
2018.06.01 10:04:02.760,1.76462,1.76485,1.00,1.00
2018.06.01 10:04:02.917,1.76461,1.76487,1.87,1.00
2018.06.01 10:04:02.968,1.76461,1.76485,2.06,1.00
2018.06.01 10:04:03.328,1.76462,1.76482,1.00,1.50
2018.06.01 10:04:03.582,1.76458,1.76479,1.00,1.00
2018.06.01 10:04:03.634,1.76462,1.76478,1.00,1.00
2018.06.01 10:04:03.685,1.76462,1.76482,1.00,1.00
2018.06.01 10:04:04.331,1.76461,1.76482,1.50,1.00
2018.06.01 10:04:04.381,1.76466,1.76482,1.00,1.00
2018.06.01 10:04:04.836,1.76462,1.76482,1.00,1.00
2018.06.01 10:04:05.273,1.76464,1.76482,1.00,1.00
2018.06.01 10:04:05.578,1.76467,1.76486,1.50,1.00
2018.06.01 10:04:07.070,1.76471,1.7649,1.37,1.00
2018.06.01 10:04:07.246,1.76477,1.76495,1.00,1.00
2018.06.01 10:04:07.298,1.76472,1.76498,1.00,1.38
2018.06.01 10:04:07.739,1.76469,1.76494,1.00,1.50
2018.06.01 10:04:08.128,1.76467,1.76492,1.87,1.00
2018.06.01 10:04:08.433,1.76466,1.76489,1.00,1.00
2018.06.01 10:04:08.963,1.76466,1.76488,1.00,1.00
2018.06.01 10:04:09.561,1.76464,1.76489,1.00,1.00
2018.06.01 10:04:09.612,1.76467,1.76489,1.00,1.00
2018.06.01 10:04:10.112,1.76463,1.76489,1.00,1.50
2018.06.01 10:04:10.163,1.76467,1.76489,1.00,1.50
2018.06.01 10:04:10.578,1.76467,1.76487,1.00,1.00
2018.06.01 10:04:10.876,1.76462,1.76486,1.00,1.00
2018.06.01 10:04:11.427,1.76461,1.76486,1.00,1.00
2018.06.01 10:04:12.041,1.76462,1.76486,1.00,1.00
2018.06.01 10:04:12.644,1.76459,1.76486,1.00,2.63
2018.06.01 10:04:12.696,1.76462,1.76485,1.00,1.44
2018.06.01 10:04:13.203,1.76462,1.76482,1.00,1.00
2018.06.01 10:04:13.530,1.76467,1.76482,1.00,1.00
2018.06.01 10:04:14.374,1.76462,1.76482,1.00,1.00
2018.06.01 10:04:14.925,1.76462,1.76481,1.00,1.00
2018.06.01 10:04:15.082,1.76462,1.76484,1.00,1.00
2018.06.01 10:04:15.185,1.76462,1.76482,1.00,1.00
2018.06.01 10:04:15.502,1.76462,1.76478,1.00,1.00
2018.06.01 10:04:15.758,1.76457,1.76479,1.00,2.44
2018.06.01 10:04:16.064,1.76457,1.76477,1.00,1.00
2018.06.01 10:04:16.427,1.76452,1.76476,1.00,1.50
2018.06.01 10:04:16.733,1.7645,1.76476,1.00,1.50
2018.06.01 10:04:16.785,1.76457,1.76476,1.00,1.50
2018.06.01 10:04:17.537,1.76451,1.76476,1.00,1.00
2018.06.01 10:04:17.844,1.76452,1.76474,1.00,1.00
2018.06.01 10:04:18.204,1.76452,1.76471,1.00,1.00
2018.06.01 10:04:18.805,1.76451,1.76471,1.00,1.00
2018.06.01 10:04:19.121,1.76451,1.76474,1.00,1.44
2018.06.01 10:04:20.268,1.76446,1.76468,1.00,1.00
2018.06.01 10:04:20.372,1.76437,1.76462,1.37,1.00
2018.06.01 10:04:20.423,1.76436,1.76461,1.50,1.00
2018.06.01 10:04:20.542,1.76437,1.76459,1.00,1.00
2018.06.01 10:04:20.593,1.76432,1.76458,1.00,2.25
2018.06.01 10:04:20.645,1.76437,1.76456,1.00,1.31
2018.06.01 10:04:20.696,1.76426,1.76449,1.00,1.00
2018.06.01 10:04:20.747,1.76424,1.76449,1.69,1.00
2018.06.01 10:04:20.798,1.76427,1.76449,1.00,1.00
2018.06.01 10:04:21.103,1.76427,1.76447,1.00,1.00
2018.06.01 10:04:21.746,1.76426,1.76445,1.00,1.00
2018.06.01 10:04:22.060,1.76431,1.76451,1.00,1.00
2018.06.01 10:04:22.111,1.76426,1.76451,1.50,1.38
2018.06.01 10:04:22.659,1.76427,1.76447,1.00,1.00
2018.06.01 10:04:22.761,1.76427,1.76445,1.00,1.00
2018.06.01 10:04:23.159,1.76422,1.76445,1.00,1.00
2018.06.01 10:04:23.262,1.76426,1.76445,1.00,1.00
2018.06.01 10:04:23.364,1.76426,1.76447,1.00,1.00
2018.06.01 10:04:23.917,1.76426,1.76446,1.00,1.00
2018.06.01 10:04:24.070,1.76426,1.76444,1.00,1.00
2018.06.01 10:04:24.377,1.76426,1.76442,1.00,1.00
2018.06.01 10:04:24.862,1.76427,1.76444,1.31,1.00
2018.06.01 10:04:24.913,1.76427,1.76449,1.81,1.00
2018.06.01 10:04:24.964,1.76436,1.76449,1.00,1.00
2018.06.01 10:04:25.195,1.76431,1.76447,1.00,1.00
2018.06.01 10:04:25.386,1.76432,1.76452,1.00,1.00
2018.06.01 10:04:25.591,1.76437,1.76452,1.00,1.00
2018.06.01 10:04:25.642,1.76437,1.76456,1.00,1.00
2018.06.01 10:04:26.163,1.76442,1.76456,1.00,1.00
2018.06.01 10:04:26.215,1.76436,1.76456,1.00,1.00
2018.06.01 10:04:26.266,1.76432,1.76456,1.00,1.38
2018.06.01 10:04:26.316,1.76431,1.7645,1.25,1.00
2018.06.01 10:04:26.857,1.76431,1.76449,1.00,1.00
2018.06.01 10:04:27.487,1.76432,1.76449,1.00,1.00
2018.06.01 10:04:28.004,1.76431,1.76449,1.00,1.00
2018.06.01 10:04:28.307,1.76432,1.76454,1.44,1.00
2018.06.01 10:04:28.358,1.76442,1.76454,1.00,1.00
2018.06.01 10:04:28.877,1.76442,1.76455,1.00,1.00
2018.06.01 10:04:29.505,1.76442,1.7646,1.00,1.00
2018.06.01 10:04:29.557,1.76442,1.76462,1.00,1.00
2018.06.01 10:04:29.609,1.76446,1.76462,1.00,1.00
2018.06.01 10:04:29.660,1.76442,1.76462,1.00,1.00
2018.06.01 10:04:29.863,1.7644,1.76462,1.00,1.56
2018.06.01 10:04:30.016,1.76436,1.76456,1.00,1.00
2018.06.01 10:04:30.190,1.76431,1.76456,2.81,1.00
2018.06.01 10:04:30.241,1.76432,1.76454,1.50,1.00
2018.06.01 10:04:30.748,1.76432,1.76456,1.50,1.00
2018.06.01 10:04:31.539,1.76436,1.76456,1.00,1.00
2018.06.01 10:04:32.115,1.76432,1.76456,1.50,1.00
2018.06.01 10:04:32.166,1.76432,1.76459,1.00,1.00
2018.06.01 10:04:32.218,1.76432,1.76457,1.69,1.00
2018.06.01 10:04:32.532,1.76427,1.76453,1.00,1.00
2018.06.01 10:04:32.583,1.76427,1.76449,1.00,1.00
2018.06.01 10:04:32.892,1.76432,1.76453,1.00,1.00
2018.06.01 10:04:33.097,1.76427,1.7645,1.00,1.00
2018.06.01 10:04:33.250,1.76426,1.76451,3.56,1.00
2018.06.01 10:04:33.435,1.76427,1.76455,2.06,1.00
2018.06.01 10:04:33.537,1.76432,1.76455,1.00,1.00
2018.06.01 10:04:33.694,1.76427,1.76455,2.44,1.25
2018.06.01 10:04:33.746,1.76432,1.76455,1.00,1.00
2018.06.01 10:04:34.338,1.76436,1.76456,1.00,1.00
2018.06.01 10:04:34.856,1.76436,1.76455,1.00,1.00
2018.06.01 10:04:35.762,1.76446,1.76455,1.00,1.00
2018.06.01 10:04:35.814,1.76447,1.76462,1.00,1.00
2018.06.01 10:04:35.866,1.76447,1.76466,1.00,1.00
2018.06.01 10:04:36.020,1.76446,1.76464,1.00,1.44
2018.06.01 10:04:36.193,1.76442,1.76464,1.00,1.00
2018.06.01 10:04:36.704,1.76446,1.76464,1.00,1.00
2018.06.01 10:04:36.806,1.76443,1.76469,1.00,1.44
2018.06.01 10:04:36.893,1.76443,1.76466,1.00,1.00
2018.06.01 10:04:36.943,1.76444,1.76469,1.00,1.00
2018.06.01 10:04:37.301,1.76446,1.76469,1.00,1.00
2018.06.01 10:04:37.980,1.76446,1.7647,1.00,1.00
2018.06.01 10:04:38.385,1.76446,1.76467,1.00,1.00
2018.06.01 10:04:38.624,1.76446,1.76469,1.00,1.00
2018.06.01 10:04:38.675,1.76446,1.76467,1.00,1.00
2018.06.01 10:04:38.780,1.76446,1.76469,1.00,1.00
2018.06.01 10:04:39.300,1.76446,1.76468,1.00,1.00
2018.06.01 10:04:39.605,1.76443,1.76469,2.25,1.25
2018.06.01 10:04:39.758,1.76444,1.76466,1.00,1.00
2018.06.01 10:04:39.878,1.76447,1.7647,1.00,1.00
2018.06.01 10:04:40.384,1.76447,1.76471,1.69,1.50
2018.06.01 10:04:40.901,1.76447,1.7647,1.25,1.00
2018.06.01 10:04:41.649,1.76452,1.7647,1.00,1.00
2018.06.01 10:04:41.761,1.76446,1.7647,1.31,1.00
2018.06.01 10:04:41.812,1.76452,1.76472,1.00,1.44
2018.06.01 10:04:42.144,1.76452,1.76469,1.00,1.00
2018.06.01 10:04:42.297,1.76446,1.76467,1.00,1.25
2018.06.01 10:04:42.349,1.76447,1.76463,1.00,1.00
2018.06.01 10:04:42.400,1.76442,1.76463,1.00,1.00
2018.06.01 10:04:42.569,1.76442,1.76461,1.00,1.00
2018.06.01 10:04:42.948,1.76441,1.76459,1.00,1.00
2018.06.01 10:04:43.460,1.76441,1.7646,1.00,1.00
2018.06.01 10:04:43.796,1.76437,1.7646,1.00,1.00
2018.06.01 10:04:43.899,1.76442,1.76458,1.00,1.00
2018.06.01 10:04:44.053,1.76437,1.76457,1.00,1.00
2018.06.01 10:04:44.155,1.76437,1.76459,1.00,1.00
2018.06.01 10:04:44.411,1.76437,1.76456,1.00,1.00
2018.06.01 10:04:44.578,1.76431,1.76455,1.00,1.25
2018.06.01 10:04:44.629,1.76427,1.76445,1.69,1.00
2018.06.01 10:04:45.463,1.76427,1.76448,1.00,1.00
2018.06.01 10:04:45.517,1.76426,1.76451,1.19,1.00
2018.06.01 10:04:45.569,1.76437,1.76451,1.00,1.00
2018.06.01 10:04:45.623,1.76437,1.76454,1.00,1.00
2018.06.01 10:04:45.675,1.76429,1.76457,1.12,1.00
2018.06.01 10:04:45.726,1.76436,1.76457,1.00,1.00
2018.06.01 10:04:45.778,1.76436,1.7646,1.00,1.50
2018.06.01 10:04:45.880,1.76433,1.7646,2.06,1.00
2018.06.01 10:04:45.932,1.76436,1.7646,1.00,1.00
2018.06.01 10:04:46.441,1.76433,1.76459,1.00,1.00
2018.06.01 10:04:46.492,1.76432,1.76456,1.00,1.00
2018.06.01 10:04:46.956,1.76432,1.76454,1.00,1.00
2018.06.01 10:04:47.007,1.76428,1.76453,1.00,1.00
2018.06.01 10:04:47.059,1.76426,1.7645,1.00,1.00
2018.06.01 10:04:47.370,1.76426,1.76447,1.00,1.00
2018.06.01 10:04:47.679,1.76436,1.76454,1.75,1.00
2018.06.01 10:04:47.731,1.76446,1.76463,1.38,1.00
2018.06.01 10:04:47.783,1.76447,1.76465,1.00,1.00
2018.06.01 10:04:47.835,1.76452,1.76468,1.00,1.50
2018.06.01 10:04:48.009,1.76456,1.76476,1.00,1.50
2018.06.01 10:04:48.060,1.76454,1.76476,1.25,1.50
2018.06.01 10:04:48.112,1.76462,1.76476,1.00,1.50
2018.06.01 10:04:48.163,1.76456,1.76476,1.31,1.00
2018.06.01 10:04:48.688,1.76453,1.76477,1.50,1.38
2018.06.01 10:04:48.790,1.76456,1.76477,1.00,1.25
2018.06.01 10:04:49.097,1.76456,1.76475,1.00,1.00
2018.06.01 10:04:49.872,1.76453,1.76475,1.50,1.00
2018.06.01 10:04:50.418,1.76454,1.76475,1.00,1.00
2018.06.01 10:04:51.170,1.76454,1.76473,1.00,1.00
2018.06.01 10:04:51.691,1.76453,1.76473,1.50,1.00
2018.06.01 10:04:52.013,1.76451,1.76468,1.00,1.00
2018.06.01 10:04:52.064,1.76446,1.76466,1.00,1.00
2018.06.01 10:04:52.373,1.76452,1.76466,1.00,1.00
2018.06.01 10:04:52.883,1.76451,1.76466,1.00,1.00
2018.06.01 10:04:52.934,1.76451,1.76468,1.00,1.00
2018.06.01 10:04:53.139,1.76456,1.76468,1.00,1.00
2018.06.01 10:04:53.191,1.76451,1.76473,1.38,1.50
2018.06.01 10:04:53.278,1.76456,1.76477,1.19,1.50
2018.06.01 10:04:53.588,1.76462,1.76479,1.00,1.00
2018.06.01 10:04:54.001,1.76462,1.76477,1.00,1.00
2018.06.01 10:04:54.566,1.76456,1.76477,1.00,1.00
2018.06.01 10:04:54.773,1.76456,1.76473,1.00,1.00
2018.06.01 10:04:55.041,1.76451,1.76469,1.00,1.00
2018.06.01 10:04:56.346,1.76452,1.76469,1.00,1.00
2018.06.01 10:04:56.842,1.76456,1.76469,1.00,1.00
2018.06.01 10:04:57.677,1.76452,1.76469,1.00,1.00
2018.06.01 10:04:58.296,1.76452,1.7647,1.00,1.00
2018.06.01 10:04:58.847,1.76452,1.76468,1.00,1.00
2018.06.01 10:04:59.365,1.76452,1.76469,1.00,1.00
2018.06.01 10:04:59.686,1.76457,1.76469,1.00,1.00
2018.06.01 10:05:00.097,1.76451,1.76469,1.00,1.00
2018.06.01 10:05:00.404,1.76457,1.76469,1.00,1.00
2018.06.01 10:05:00.970,1.76457,1.7647,1.00,1.00
2018.06.01 10:05:02.387,1.76457,1.76471,1.00,1.00
2018.06.01 10:05:02.438,1.76457,1.76475,1.00,1.00
2018.06.01 10:05:02.628,1.76457,1.76477,1.00,1.00
2018.06.01 10:05:02.679,1.76461,1.76477,1.00,1.00
2018.06.01 10:05:02.831,1.76457,1.76474,1.00,1.00
2018.06.01 10:05:02.933,1.76456,1.76472,1.00,1.00
2018.06.01 10:05:02.984,1.76456,1.76474,1.00,1.00
2018.06.01 10:05:03.035,1.76461,1.76474,1.00,1.00
2018.06.01 10:05:03.424,1.76456,1.76473,1.00,1.00
2018.06.01 10:05:03.679,1.76452,1.76473,1.00,1.00
2018.06.01 10:05:03.731,1.76447,1.7647,1.50,1.00
2018.06.01 10:05:04.090,1.76452,1.76468,1.00,1.00
2018.06.01 10:05:04.402,1.76457,1.76468,1.00,1.00
2018.06.01 10:05:05.069,1.76457,1.76469,1.00,1.00
2018.06.01 10:05:05.241,1.76457,1.76471,1.00,1.00
2018.06.01 10:05:05.770,1.76451,1.76471,1.00,1.00
2018.06.01 10:05:06.508,1.76451,1.76469,1.00,1.00
2018.06.01 10:05:07.624,1.76451,1.76474,1.00,1.00
2018.06.01 10:05:07.730,1.76457,1.76474,1.00,1.00
2018.06.01 10:05:08.129,1.76457,1.76476,1.00,1.00
2018.06.01 10:05:09.174,1.76457,1.76479,1.00,1.50
2018.06.01 10:05:11.827,1.76457,1.76478,1.00,1.00
2018.06.01 10:05:12.338,1.76457,1.76479,1.00,1.00
2018.06.01 10:05:13.256,1.76456,1.76479,1.00,1.00
2018.06.01 10:05:13.359,1.76457,1.76481,1.00,1.25
2018.06.01 10:05:13.718,1.76461,1.7648,1.00,1.00
2018.06.01 10:05:15.030,1.76461,1.76481,1.00,1.00
2018.06.01 10:05:15.515,1.76466,1.76481,1.00,1.00
2018.06.01 10:05:15.616,1.76461,1.76481,1.00,1.00
2018.06.01 10:05:15.865,1.76461,1.76484,1.00,1.00
2018.06.01 10:05:16.080,1.76461,1.76482,1.00,1.00
2018.06.01 10:05:17.347,1.76462,1.76482,1.00,1.00
2018.06.01 10:05:17.452,1.76458,1.7648,1.00,1.00
2018.06.01 10:05:17.503,1.76461,1.7648,1.00,1.00
2018.06.01 10:05:18.019,1.76461,1.76481,1.00,1.00
2018.06.01 10:05:18.192,1.76462,1.76485,1.00,1.00
2018.06.01 10:05:18.244,1.76462,1.76483,1.00,1.00
2018.06.01 10:05:18.583,1.76461,1.76481,1.00,1.00
2018.06.01 10:05:18.635,1.76461,1.76485,1.00,1.00
2018.06.01 10:05:18.686,1.76458,1.76485,1.12,1.00
2018.06.01 10:05:18.738,1.76466,1.76485,1.00,1.00
2018.06.01 10:05:18.790,1.76462,1.76486,1.00,1.00
2018.06.01 10:05:18.842,1.76467,1.76486,1.00,1.00
2018.06.01 10:05:19.037,1.76467,1.76489,1.00,1.00
2018.06.01 10:05:19.142,1.76462,1.76486,1.50,1.00
2018.06.01 10:05:19.353,1.76462,1.76488,1.00,1.00
2018.06.01 10:05:19.821,1.76466,1.76489,1.00,1.00
2018.06.01 10:05:19.923,1.76462,1.76489,3.56,1.00
2018.06.01 10:05:21.060,1.76465,1.7649,1.00,1.00
2018.06.01 10:05:22.214,1.76466,1.76492,1.00,1.00
2018.06.01 10:05:22.470,1.76464,1.76489,1.00,1.00
2018.06.01 10:05:22.817,1.76471,1.76489,1.00,1.00
2018.06.01 10:05:22.868,1.76471,1.76493,1.12,1.00
2018.06.01 10:05:22.971,1.76473,1.76497,1.00,1.00
2018.06.01 10:05:23.023,1.76473,1.76499,1.00,1.00
2018.06.01 10:05:23.227,1.76476,1.76499,1.00,1.00
2018.06.01 10:05:23.718,1.76482,1.76499,1.00,1.00
2018.06.01 10:05:23.769,1.76476,1.76499,1.00,1.00
2018.06.01 10:05:24.560,1.76476,1.76501,1.50,1.00
2018.06.01 10:05:25.020,1.76476,1.76499,1.00,2.06
2018.06.01 10:05:25.073,1.76472,1.76497,1.50,1.69
2018.06.01 10:05:25.278,1.76471,1.76491,1.00,1.00
2018.06.01 10:05:25.644,1.76466,1.76491,1.00,1.50
2018.06.01 10:05:26.222,1.76466,1.7649,1.00,1.00
2018.06.01 10:05:28.006,1.76466,1.76489,1.00,1.00
2018.06.01 10:05:28.507,1.76464,1.76489,1.00,1.00
2018.06.01 10:05:28.559,1.76466,1.76489,1.00,1.00
2018.06.01 10:05:28.764,1.76457,1.76481,1.50,1.00
2018.06.01 10:05:28.815,1.76457,1.76477,1.00,1.00
2018.06.01 10:05:29.452,1.76456,1.76477,1.00,1.00
2018.06.01 10:05:29.807,1.76452,1.76477,1.00,1.00
2018.06.01 10:05:30.358,1.76451,1.76477,1.00,1.00
2018.06.01 10:05:30.901,1.76452,1.76477,1.00,1.00
2018.06.01 10:05:31.676,1.76451,1.76477,1.00,1.00
2018.06.01 10:05:32.044,1.76449,1.76475,1.25,1.00
2018.06.01 10:05:32.369,1.76457,1.76476,1.00,1.00
2018.06.01 10:05:32.537,1.76457,1.76478,1.00,1.00
2018.06.01 10:05:32.668,1.76451,1.76478,1.25,1.00
2018.06.01 10:05:33.131,1.76456,1.76478,1.00,1.00
2018.06.01 10:05:33.616,1.76462,1.76479,1.00,2.25
2018.06.01 10:05:34.142,1.76461,1.76481,1.00,1.00
2018.06.01 10:05:34.556,1.76456,1.76481,1.50,1.00
2018.06.01 10:05:35.155,1.76457,1.76481,1.00,1.00
2018.06.01 10:05:35.908,1.7646,1.76484,1.31,1.50
2018.06.01 10:05:36.113,1.76462,1.76488,1.00,1.00
2018.06.01 10:05:37.207,1.76462,1.76487,1.00,1.00
2018.06.01 10:05:37.495,1.76462,1.76489,1.00,1.00
2018.06.01 10:05:37.546,1.7646,1.76487,1.00,1.00
2018.06.01 10:05:37.854,1.76456,1.76474,1.00,1.00
2018.06.01 10:05:37.905,1.76456,1.76477,1.00,1.00
2018.06.01 10:05:38.408,1.76457,1.76476,1.00,1.00
2018.06.01 10:05:38.510,1.76457,1.76474,1.00,1.00
2018.06.01 10:05:38.664,1.76454,1.76474,1.00,1.00
2018.06.01 10:05:38.715,1.76456,1.76474,1.00,1.00
2018.06.01 10:05:39.235,1.76456,1.76475,1.00,1.00
2018.06.01 10:05:39.979,1.76456,1.76476,1.00,1.00
2018.06.01 10:05:40.171,1.76457,1.76483,1.50,1.00
2018.06.01 10:05:40.324,1.76457,1.76481,1.00,1.00
2018.06.01 10:05:42.144,1.76456,1.76475,1.00,1.00
2018.06.01 10:05:43.610,1.76452,1.76475,1.00,1.00
2018.06.01 10:05:44.139,1.76457,1.76475,1.00,1.00
2018.06.01 10:05:44.192,1.76462,1.76481,1.00,3.00
2018.06.01 10:05:44.244,1.76466,1.76481,1.00,1.00
2018.06.01 10:05:44.296,1.76461,1.76483,1.00,1.50
2018.06.01 10:05:44.348,1.76467,1.76483,1.00,1.00
2018.06.01 10:05:44.889,1.76467,1.76482,1.00,1.00
2018.06.01 10:05:44.991,1.76462,1.76483,1.00,1.00
2018.06.01 10:05:45.196,1.76462,1.76481,1.00,1.00
2018.06.01 10:05:45.247,1.76457,1.76481,1.00,1.00
2018.06.01 10:05:45.298,1.76457,1.76478,1.00,1.00
2018.06.01 10:05:45.982,1.76462,1.76478,1.00,1.00
2018.06.01 10:05:46.033,1.76462,1.76483,1.00,1.50
2018.06.01 10:05:46.084,1.76457,1.76483,1.00,1.50
2018.06.01 10:05:46.844,1.76458,1.76483,1.00,1.00
2018.06.01 10:05:47.316,1.76458,1.76481,1.00,1.00
2018.06.01 10:05:47.829,1.7646,1.76481,1.00,1.00
2018.06.01 10:05:47.931,1.76457,1.76481,1.50,1.00
2018.06.01 10:05:48.384,1.76456,1.76478,1.00,1.00
2018.06.01 10:05:50.800,1.76456,1.76477,1.00,1.00
2018.06.01 10:05:51.258,1.76457,1.76479,1.00,1.00
2018.06.01 10:05:51.750,1.76455,1.76479,1.00,1.50
2018.06.01 10:05:51.801,1.76455,1.76476,1.00,1.00
2018.06.01 10:05:52.136,1.76455,1.76473,1.00,1.00
2018.06.01 10:05:52.345,1.76456,1.76476,1.00,1.00
2018.06.01 10:05:52.957,1.76456,1.76478,1.00,1.00
2018.06.01 10:05:53.448,1.76457,1.7648,1.00,1.00
2018.06.01 10:05:53.551,1.76458,1.76483,1.50,1.50
2018.06.01 10:05:53.654,1.76458,1.76486,1.87,1.50
2018.06.01 10:05:53.896,1.76461,1.76486,1.00,1.50
2018.06.01 10:05:54.204,1.76477,1.76495,1.00,1.00
2018.06.01 10:05:54.358,1.76477,1.76497,1.00,1.00
2018.06.01 10:05:54.645,1.76471,1.76496,1.00,1.00
2018.06.01 10:05:54.799,1.76477,1.76496,1.00,1.00
2018.06.01 10:05:55.005,1.76471,1.76497,2.25,1.00
2018.06.01 10:05:55.546,1.76472,1.76499,1.00,1.50
2018.06.01 10:05:56.251,1.76471,1.76498,1.00,1.00
2018.06.01 10:05:57.020,1.7647,1.76498,2.62,1.00
2018.06.01 10:05:57.547,1.76471,1.76498,1.00,1.00
2018.06.01 10:05:58.819,1.76471,1.76494,1.00,1.00
2018.06.01 10:05:59.075,1.76468,1.76494,2.62,1.00
2018.06.01 10:05:59.331,1.76472,1.76494,1.12,1.00
2018.06.01 10:05:59.382,1.76469,1.76494,1.00,1.00
2018.06.01 10:05:59.433,1.76468,1.76492,1.00,1.00
2018.06.01 10:05:59.825,1.76463,1.7649,1.00,1.00
2018.06.01 10:05:59.978,1.76463,1.76488,1.00,1.00
2018.06.01 10:06:00.483,1.76463,1.76487,1.00,1.00
2018.06.01 10:06:00.877,1.76463,1.76489,1.00,1.50
2018.06.01 10:06:01.335,1.76466,1.76488,1.00,1.00
2018.06.01 10:06:01.387,1.76463,1.76488,1.00,1.00
2018.06.01 10:06:01.591,1.7647,1.76488,1.00,1.00
2018.06.01 10:06:01.643,1.7647,1.76492,1.00,1.00
2018.06.01 10:06:01.694,1.7647,1.76494,1.00,1.25
2018.06.01 10:06:02.203,1.76471,1.76498,1.50,1.00
2018.06.01 10:06:02.255,1.76471,1.76493,1.00,1.00
2018.06.01 10:06:02.361,1.76468,1.76493,2.06,1.00
2018.06.01 10:06:02.413,1.76471,1.76494,1.50,1.00
2018.06.01 10:06:02.465,1.76472,1.76497,1.00,1.00
2018.06.01 10:06:02.619,1.76477,1.76497,1.00,1.00
2018.06.01 10:06:03.065,1.76472,1.76498,1.50,1.00
2018.06.01 10:06:03.168,1.76472,1.76495,1.00,1.00
2018.06.01 10:06:03.476,1.76471,1.76493,1.00,1.00
2018.06.01 10:06:04.091,1.76472,1.76494,1.00,1.00
2018.06.01 10:06:04.317,1.76467,1.76494,1.25,1.00
2018.06.01 10:06:05.676,1.76472,1.76494,1.00,1.00
2018.06.01 10:06:06.018,1.76467,1.76492,1.50,1.00
2018.06.01 10:06:06.199,1.76467,1.7649,1.50,1.00
2018.06.01 10:06:06.406,1.76462,1.76486,1.00,1.00
2018.06.01 10:06:06.457,1.76459,1.76486,1.87,1.50
2018.06.01 10:06:06.509,1.76462,1.76482,1.00,1.00
2018.06.01 10:06:06.560,1.76459,1.76482,1.12,1.00
2018.06.01 10:06:06.612,1.76459,1.76484,1.00,1.00
2018.06.01 10:06:06.714,1.76459,1.76481,1.00,1.00
2018.06.01 10:06:07.526,1.76471,1.76487,1.00,1.00
2018.06.01 10:06:07.577,1.76469,1.76488,1.00,1.00
2018.06.01 10:06:07.696,1.76476,1.76493,1.00,1.00
2018.06.01 10:06:07.761,1.76476,1.76499,1.00,1.37
2018.06.01 10:06:07.863,1.76475,1.76501,1.00,1.25
2018.06.01 10:06:08.446,1.76475,1.76502,1.00,1.69
2018.06.01 10:06:08.836,1.76475,1.76499,1.00,1.00
2018.06.01 10:06:09.564,1.76475,1.76498,1.00,1.00
2018.06.01 10:06:10.296,1.76472,1.76499,1.12,1.37
2018.06.01 10:06:10.549,1.76471,1.76496,1.00,1.00
2018.06.01 10:06:10.893,1.76472,1.76494,1.00,1.00
2018.06.01 10:06:11.006,1.7647,1.76495,1.00,1.00
2018.06.01 10:06:11.241,1.76476,1.76493,1.00,1.00
2018.06.01 10:06:11.716,1.76476,1.76498,1.50,1.00
2018.06.01 10:06:12.240,1.76476,1.76497,1.00,1.00
2018.06.01 10:06:12.341,1.76482,1.76497,1.00,1.00
2018.06.01 10:06:12.392,1.76477,1.76497,1.00,1.00
2018.06.01 10:06:12.945,1.76477,1.76496,1.00,1.00
2018.06.01 10:06:13.243,1.76482,1.76497,1.00,1.00
2018.06.01 10:06:13.346,1.76482,1.76501,1.00,1.00
2018.06.01 10:06:13.449,1.76487,1.76504,1.00,1.50
2018.06.01 10:06:13.501,1.76487,1.76506,1.00,1.00
2018.06.01 10:06:13.553,1.76482,1.76506,1.00,1.00
2018.06.01 10:06:13.688,1.76487,1.76507,1.00,1.00
2018.06.01 10:06:13.977,1.76482,1.76508,1.25,1.00
2018.06.01 10:06:14.132,1.76488,1.76509,1.00,1.00
2018.06.01 10:06:14.183,1.76484,1.76509,1.00,1.50
2018.06.01 10:06:14.731,1.76486,1.76509,1.00,1.00
2018.06.01 10:06:14.987,1.76486,1.76516,1.12,2.81
2018.06.01 10:06:15.039,1.76486,1.76511,1.87,1.00
2018.06.01 10:06:15.359,1.76482,1.76507,1.00,1.50
2018.06.01 10:06:15.678,1.76482,1.76502,1.00,1.00
2018.06.01 10:06:16.310,1.76482,1.76499,1.00,1.00
2018.06.01 10:06:16.464,1.76482,1.76502,2.06,1.00
2018.06.01 10:06:16.515,1.76486,1.76504,1.00,1.00
2018.06.01 10:06:16.567,1.76486,1.76507,1.00,1.50
2018.06.01 10:06:16.720,1.76483,1.76507,1.12,1.50
2018.06.01 10:06:17.455,1.76483,1.76498,1.00,1.00
2018.06.01 10:06:17.957,1.76483,1.76496,1.00,1.00
2018.06.01 10:06:18.438,1.7648,1.76495,1.00,1.00
2018.06.01 10:06:18.489,1.76478,1.76494,1.00,1.00
2018.06.01 10:06:18.541,1.76478,1.76492,1.00,1.00
2018.06.01 10:06:18.643,1.76471,1.7649,1.50,1.00
2018.06.01 10:06:18.969,1.76471,1.76496,1.00,1.00
2018.06.01 10:06:19.602,1.76471,1.76497,1.50,1.00
2018.06.01 10:06:20.042,1.76471,1.76495,1.50,1.00
2018.06.01 10:06:20.590,1.76472,1.76496,1.00,1.00
2018.06.01 10:06:21.180,1.76471,1.76496,1.50,1.00
2018.06.01 10:06:21.232,1.76471,1.76498,1.50,1.25
2018.06.01 10:06:21.379,1.76471,1.765,2.25,1.50
2018.06.01 10:06:21.430,1.76475,1.76502,1.50,1.00
2018.06.01 10:06:21.735,1.76472,1.76497,1.25,1.00
2018.06.01 10:06:22.141,1.76472,1.76494,1.00,1.00
2018.06.01 10:06:22.552,1.76469,1.76494,1.00,1.00
2018.06.01 10:06:22.603,1.76469,1.76491,1.00,1.00
2018.06.01 10:06:23.150,1.76469,1.76491,1.31,1.00
2018.06.01 10:06:23.202,1.76469,1.76495,2.81,1.00
2018.06.01 10:06:23.253,1.76476,1.76497,1.00,1.00
2018.06.01 10:06:23.360,1.76476,1.765,1.00,1.00
2018.06.01 10:06:23.917,1.76477,1.765,1.00,1.00
2018.06.01 10:06:24.696,1.76477,1.76498,1.00,1.00
2018.06.01 10:06:25.003,1.76477,1.76496,1.00,1.00
2018.06.01 10:06:26.520,1.76477,1.76498,1.00,1.00
2018.06.01 10:06:26.672,1.76477,1.76495,1.00,1.00
2018.06.01 10:06:26.723,1.76472,1.76495,1.00,1.00
2018.06.01 10:06:26.876,1.76471,1.76493,1.00,1.00
2018.06.01 10:06:27.181,1.76471,1.76491,1.00,1.00
2018.06.01 10:06:27.439,1.76467,1.76489,1.00,1.00
2018.06.01 10:06:27.978,1.76464,1.76487,1.25,1.00
2018.06.01 10:06:28.029,1.76464,1.76484,1.00,1.00
2018.06.01 10:06:28.080,1.76467,1.76489,1.00,1.00
2018.06.01 10:06:28.132,1.76472,1.76489,1.00,1.00
2018.06.01 10:06:28.652,1.76471,1.76489,1.00,1.00
2018.06.01 10:06:29.200,1.76472,1.7649,1.00,1.00
2018.06.01 10:06:29.251,1.76467,1.76491,1.69,1.00
2018.06.01 10:06:29.425,1.76472,1.76488,1.00,1.00
2018.06.01 10:06:29.477,1.76467,1.76488,1.00,1.00
2018.06.01 10:06:29.528,1.76467,1.7649,1.00,1.50
2018.06.01 10:06:29.580,1.76471,1.76489,1.00,1.00
2018.06.01 10:06:29.631,1.76468,1.76491,1.00,1.00
2018.06.01 10:06:29.683,1.76472,1.76491,1.00,1.00
2018.06.01 10:06:29.836,1.76472,1.76493,1.00,1.00
2018.06.01 10:06:30.092,1.7647,1.76492,1.00,1.00
2018.06.01 10:06:30.255,1.76466,1.76491,1.87,1.00
2018.06.01 10:06:30.408,1.76467,1.76488,1.00,1.00
2018.06.01 10:06:30.664,1.76463,1.76487,1.00,1.00
2018.06.01 10:06:30.715,1.76462,1.76485,1.50,1.00
2018.06.01 10:06:31.041,1.76462,1.76483,1.50,1.00
2018.06.01 10:06:32.290,1.76461,1.76484,1.50,1.00
2018.06.01 10:06:32.596,1.76466,1.76488,1.00,1.00
2018.06.01 10:06:33.336,1.76466,1.76489,1.00,1.00
2018.06.01 10:06:33.868,1.76467,1.7649,1.00,1.00
2018.06.01 10:06:34.174,1.76466,1.76486,1.00,1.00
2018.06.01 10:06:34.492,1.76471,1.76486,1.00,1.00
2018.06.01 10:06:34.544,1.76466,1.76486,1.25,1.00
2018.06.01 10:06:34.647,1.76466,1.76488,1.50,1.00
2018.06.01 10:06:35.353,1.76466,1.76487,1.50,1.00
2018.06.01 10:06:35.742,1.76471,1.76489,1.00,1.00
2018.06.01 10:06:36.046,1.76466,1.7649,1.50,1.00
2018.06.01 10:06:36.586,1.76471,1.7649,1.00,1.00
2018.06.01 10:06:36.645,1.76472,1.76492,1.00,1.00
2018.06.01 10:06:36.696,1.7647,1.76491,1.00,1.00
2018.06.01 10:06:36.747,1.76467,1.76491,1.31,1.00
2018.06.01 10:06:36.798,1.76471,1.76491,1.00,1.00
2018.06.01 10:06:36.906,1.76471,1.76497,1.00,2.06
2018.06.01 10:06:36.957,1.76471,1.76494,1.00,1.00
2018.06.01 10:06:37.110,1.76466,1.76491,2.25,1.25
2018.06.01 10:06:37.313,1.76467,1.76493,1.00,1.00
2018.06.01 10:06:37.364,1.7647,1.76494,1.00,3.19
2018.06.01 10:06:37.679,1.7647,1.76489,1.00,1.00
2018.06.01 10:06:37.730,1.7647,1.76494,1.00,1.00
2018.06.01 10:06:38.290,1.7647,1.76493,1.00,1.00
2018.06.01 10:06:38.798,1.7647,1.76494,1.00,1.00
2018.06.01 10:06:39.666,1.76471,1.76494,1.00,1.00
2018.06.01 10:06:40.722,1.76472,1.76494,1.00,1.00
2018.06.01 10:06:41.241,1.76472,1.76493,1.00,1.00
2018.06.01 10:06:41.632,1.7647,1.76494,1.00,1.00
2018.06.01 10:06:42.136,1.76471,1.76495,1.00,2.06
2018.06.01 10:06:42.515,1.76471,1.76497,1.50,1.31
2018.06.01 10:06:43.025,1.76472,1.76497,1.00,1.56
2018.06.01 10:06:43.522,1.76471,1.76497,1.50,1.25
2018.06.01 10:06:43.626,1.76468,1.76495,1.00,2.44
2018.06.01 10:06:43.936,1.76464,1.76488,1.00,1.00
2018.06.01 10:06:44.258,1.76467,1.76488,1.00,1.00
2018.06.01 10:06:44.360,1.7647,1.76495,1.00,1.00
2018.06.01 10:06:44.411,1.76472,1.76495,1.00,1.00
2018.06.01 10:06:44.463,1.76475,1.765,1.00,1.00
2018.06.01 10:06:44.672,1.76477,1.765,1.00,1.00
2018.06.01 10:06:44.724,1.76474,1.765,1.00,1.69
2018.06.01 10:06:44.912,1.76472,1.76499,1.00,1.69
2018.06.01 10:06:45.166,1.76472,1.76496,1.00,1.00
2018.06.01 10:06:45.268,1.7647,1.76495,1.00,1.50
2018.06.01 10:06:45.319,1.76472,1.76495,1.00,1.00
2018.06.01 10:06:45.831,1.76471,1.76494,2.25,1.00
2018.06.01 10:06:47.072,1.76471,1.76495,1.50,1.00
2018.06.01 10:06:47.381,1.76469,1.76495,1.00,1.00
2018.06.01 10:06:47.483,1.76466,1.76493,1.50,1.00
2018.06.01 10:06:47.535,1.76466,1.76493,1.50,1.56
2018.06.01 10:06:47.635,1.76464,1.7649,1.00,2.44
2018.06.01 10:06:47.687,1.76462,1.7649,2.25,3.56
2018.06.01 10:06:47.997,1.76467,1.7649,1.00,1.50
2018.06.01 10:06:48.049,1.76467,1.76492,1.00,1.00
2018.06.01 10:06:48.304,1.76464,1.7649,1.00,1.00
2018.06.01 10:06:48.492,1.76463,1.7649,1.00,2.44
2018.06.01 10:06:49.000,1.76462,1.76487,1.00,1.25
2018.06.01 10:06:49.052,1.7646,1.76488,1.50,1.31
2018.06.01 10:06:49.259,1.76462,1.76487,1.00,1.00
2018.06.01 10:06:49.787,1.76462,1.76486,1.00,1.00
2018.06.01 10:06:50.234,1.7646,1.76485,1.00,1.00
2018.06.01 10:06:50.366,1.7646,1.76481,1.00,1.00
2018.06.01 10:06:50.563,1.7646,1.76485,1.00,1.00
2018.06.01 10:06:50.955,1.76457,1.76478,1.00,1.25
2018.06.01 10:06:51.008,1.76455,1.7648,1.00,1.00
2018.06.01 10:06:51.060,1.76451,1.76476,1.00,1.00
2018.06.01 10:06:51.112,1.76449,1.76475,1.00,1.00
2018.06.01 10:06:51.268,1.76452,1.76472,1.00,1.31
2018.06.01 10:06:51.397,1.76446,1.76469,1.00,1.25
2018.06.01 10:06:51.600,1.76448,1.7647,1.00,1.00
2018.06.01 10:06:51.907,1.7645,1.7647,1.00,1.00
2018.06.01 10:06:52.153,1.76446,1.7647,1.00,1.25
2018.06.01 10:06:52.255,1.76448,1.76471,1.00,1.00
2018.06.01 10:06:52.559,1.7645,1.76471,1.00,1.00
2018.06.01 10:06:53.259,1.76455,1.76477,1.00,1.00
2018.06.01 10:06:53.310,1.76456,1.76482,1.00,1.69
2018.06.01 10:06:53.565,1.76459,1.76483,1.00,2.44
2018.06.01 10:06:53.820,1.76456,1.76482,1.50,1.00
2018.06.01 10:06:54.541,1.76461,1.76482,1.00,1.00
2018.06.01 10:06:54.864,1.76467,1.76482,1.00,1.00
2018.06.01 10:06:54.916,1.76464,1.76485,1.00,1.25
2018.06.01 10:06:55.051,1.76462,1.76484,1.00,1.00
2018.06.01 10:06:55.103,1.76457,1.76484,1.00,1.00
2018.06.01 10:06:55.359,1.76455,1.76482,1.00,1.25
2018.06.01 10:06:55.664,1.76457,1.76482,1.00,1.00
2018.06.01 10:06:55.979,1.7646,1.76482,1.00,1.00
2018.06.01 10:06:56.030,1.7646,1.76484,1.00,1.00
2018.06.01 10:06:56.544,1.76458,1.76485,1.00,1.25
2018.06.01 10:06:57.242,1.76457,1.76485,2.25,1.00
2018.06.01 10:06:57.675,1.76462,1.76488,1.50,1.00
2018.06.01 10:06:57.983,1.76457,1.76483,1.00,1.50
2018.06.01 10:06:58.675,1.76457,1.76482,1.00,1.00
2018.06.01 10:06:59.226,1.76457,1.76483,1.00,1.50
2018.06.01 10:06:59.838,1.76452,1.76481,2.62,1.00
2018.06.01 10:07:01.026,1.76457,1.76481,1.00,1.00
2018.06.01 10:07:01.361,1.76457,1.76483,1.00,1.00
2018.06.01 10:07:01.412,1.76457,1.76475,1.00,1.00
2018.06.01 10:07:01.463,1.76452,1.76475,1.00,1.00
2018.06.01 10:07:01.566,1.76457,1.76475,1.00,1.00
2018.06.01 10:07:01.617,1.76451,1.76475,1.00,1.00
2018.06.01 10:07:01.819,1.76451,1.76472,1.00,1.00
2018.06.01 10:07:02.364,1.76451,1.76473,1.00,1.00
2018.06.01 10:07:02.670,1.76456,1.76473,1.00,1.00
2018.06.01 10:07:02.822,1.76451,1.76473,1.00,1.00
2018.06.01 10:07:03.478,1.76451,1.76474,1.50,1.00
2018.06.01 10:07:03.580,1.76456,1.76474,1.00,1.00
2018.06.01 10:07:03.631,1.76453,1.76474,1.00,1.00
2018.06.01 10:07:03.683,1.76462,1.76478,1.00,1.00
2018.06.01 10:07:03.963,1.76457,1.76479,1.00,1.00
2018.06.01 10:07:04.037,1.76459,1.76477,1.00,1.00
2018.06.01 10:07:04.141,1.76454,1.76474,1.00,1.00
2018.06.01 10:07:04.193,1.76452,1.76471,1.00,1.00
2018.06.01 10:07:04.299,1.76451,1.76474,2.25,1.00
2018.06.01 10:07:04.351,1.76454,1.76474,1.00,1.00
2018.06.01 10:07:04.403,1.76456,1.76477,1.00,1.00
2018.06.01 10:07:04.932,1.76457,1.76478,1.00,1.00
2018.06.01 10:07:05.486,1.76456,1.76478,1.00,1.00
2018.06.01 10:07:05.836,1.76456,1.7648,1.50,1.00
2018.06.01 10:07:06.364,1.76456,1.76481,1.00,1.00
2018.06.01 10:07:06.886,1.76455,1.76481,1.00,1.00
2018.06.01 10:07:07.144,1.76457,1.76484,1.00,1.00
2018.06.01 10:07:07.794,1.76457,1.76483,1.37,1.00
2018.06.01 10:07:08.046,1.76458,1.76487,1.00,1.00
2018.06.01 10:07:08.580,1.76458,1.76486,1.00,1.00
2018.06.01 10:07:09.290,1.76458,1.76487,1.00,1.25
2018.06.01 10:07:09.656,1.76461,1.76487,1.00,1.25
2018.06.01 10:07:09.809,1.76461,1.76489,1.00,1.00
2018.06.01 10:07:09.921,1.76463,1.7649,1.00,3.19
2018.06.01 10:07:10.225,1.76461,1.76487,1.00,1.56
2018.06.01 10:07:10.743,1.76461,1.76487,1.00,1.56
2018.06.01 10:07:10.794,1.76462,1.76488,1.00,1.31
2018.06.01 10:07:10.845,1.76465,1.76488,1.00,1.00
2018.06.01 10:07:11.066,1.76468,1.76492,1.00,1.00
2018.06.01 10:07:11.635,1.76467,1.76492,1.00,1.25
2018.06.01 10:07:11.838,1.76466,1.76488,1.00,1.56
2018.06.01 10:07:11.941,1.76462,1.76483,1.00,1.50
2018.06.01 10:07:12.149,1.76459,1.76483,1.00,1.31
2018.06.01 10:07:12.661,1.76459,1.76484,1.00,2.44
2018.06.01 10:07:12.928,1.76457,1.76484,1.00,2.44
2018.06.01 10:07:12.979,1.76456,1.76482,1.00,3.56
2018.06.01 10:07:13.172,1.76454,1.76479,1.12,1.00
2018.06.01 10:07:13.223,1.76456,1.76481,1.00,1.00
2018.06.01 10:07:13.566,1.76459,1.76482,1.00,1.00
2018.06.01 10:07:14.088,1.76458,1.76482,1.00,1.00
2018.06.01 10:07:14.432,1.76462,1.76484,1.00,1.00
2018.06.01 10:07:14.483,1.76463,1.76489,1.00,1.00
2018.06.01 10:07:14.893,1.76461,1.76488,1.00,1.50
2018.06.01 10:07:14.997,1.7646,1.76489,1.00,4.31
2018.06.01 10:07:15.099,1.76458,1.76485,1.00,1.12
2018.06.01 10:07:15.641,1.76459,1.76486,1.00,1.00
2018.06.01 10:07:16.403,1.7646,1.76485,1.00,1.00
2018.06.01 10:07:16.556,1.76462,1.76484,1.00,1.00
2018.06.01 10:07:17.013,1.7646,1.76484,1.00,1.00
2018.06.01 10:07:17.661,1.76462,1.76484,1.00,1.00
2018.06.01 10:07:17.856,1.7646,1.76485,1.00,1.00
2018.06.01 10:07:17.958,1.76458,1.76484,1.00,1.31
2018.06.01 10:07:18.288,1.76457,1.76481,1.00,1.00
2018.06.01 10:07:18.595,1.76453,1.76478,1.00,1.00
2018.06.01 10:07:18.889,1.76453,1.76476,1.00,1.00
2018.06.01 10:07:18.942,1.76449,1.76476,1.00,1.00
2018.06.01 10:07:18.996,1.76452,1.76477,1.00,1.50
2018.06.01 10:07:19.303,1.76453,1.76481,2.44,1.50
2018.06.01 10:07:19.457,1.76459,1.76486,1.00,1.00
2018.06.01 10:07:19.555,1.7646,1.76488,1.00,1.00
2018.06.01 10:07:19.661,1.7646,1.76488,2.06,1.00
2018.06.01 10:07:20.202,1.76462,1.76488,1.62,1.00
2018.06.01 10:07:20.576,1.76462,1.76486,1.31,1.00
2018.06.01 10:07:21.069,1.76462,1.76488,1.31,1.00
2018.06.01 10:07:22.089,1.7646,1.76488,1.37,1.00
2018.06.01 10:07:22.294,1.7646,1.76485,1.00,1.00
2018.06.01 10:07:22.621,1.7646,1.76482,1.00,1.00
2018.06.01 10:07:24.490,1.76456,1.76481,1.50,1.00
2018.06.01 10:07:24.542,1.76457,1.76478,1.00,1.00
2018.06.01 10:07:24.645,1.76452,1.76477,1.00,1.00
2018.06.01 10:07:25.134,1.76457,1.76476,1.00,1.00
2018.06.01 10:07:25.238,1.76457,1.7648,1.00,1.00
2018.06.01 10:07:25.392,1.76462,1.7648,1.00,1.00
2018.06.01 10:07:25.903,1.76457,1.76479,1.12,1.00
2018.06.01 10:07:25.955,1.76457,1.76481,1.00,1.00
2018.06.01 10:07:26.701,1.76456,1.7648,1.69,1.00
2018.06.01 10:07:26.803,1.76456,1.76482,1.56,1.00
2018.06.01 10:07:26.854,1.76461,1.76482,1.00,1.00
2018.06.01 10:07:27.160,1.76459,1.76483,1.25,1.00
2018.06.01 10:07:27.211,1.76462,1.76486,1.56,1.00
2018.06.01 10:07:27.262,1.76463,1.7649,1.31,1.50
2018.06.01 10:07:27.489,1.76461,1.76484,1.50,1.00
2018.06.01 10:07:27.745,1.76458,1.76482,1.00,1.00
2018.06.01 10:07:28.290,1.76457,1.76481,1.25,1.00
2018.06.01 10:07:28.583,1.76457,1.76479,1.25,1.00
2018.06.01 10:07:29.200,1.76456,1.76479,1.69,1.00
2018.06.01 10:07:29.564,1.76462,1.76482,1.00,1.00
2018.06.01 10:07:30.126,1.76456,1.76482,2.81,1.00
2018.06.01 10:07:30.228,1.7646,1.76483,1.31,1.00
2018.06.01 10:07:30.568,1.76459,1.76481,1.31,1.00
2018.06.01 10:07:31.107,1.76459,1.76479,2.25,1.00
2018.06.01 10:07:31.260,1.76457,1.76479,1.00,1.00
2018.06.01 10:07:31.363,1.76456,1.76477,1.00,1.00
2018.06.01 10:07:33.116,1.76456,1.76476,1.00,1.00
2018.06.01 10:07:33.370,1.76454,1.76476,1.00,1.00
2018.06.01 10:07:33.523,1.7645,1.76474,1.12,1.00
2018.06.01 10:07:34.054,1.76449,1.76474,2.06,1.00
2018.06.01 10:07:34.207,1.7645,1.76477,2.25,1.00
2018.06.01 10:07:34.726,1.76452,1.76478,1.00,1.00
2018.06.01 10:07:34.880,1.7645,1.76476,2.25,1.00
2018.06.01 10:07:35.142,1.76451,1.76478,1.25,1.00
2018.06.01 10:07:35.650,1.76451,1.76475,2.06,1.00
2018.06.01 10:07:35.804,1.7645,1.76475,1.00,1.00
2018.06.01 10:07:36.664,1.76449,1.76474,1.12,1.00
2018.06.01 10:07:38.342,1.76449,1.76474,1.62,1.00
2018.06.01 10:07:38.876,1.76449,1.76474,1.12,1.00
2018.06.01 10:07:39.532,1.76449,1.7647,1.00,1.00
2018.06.01 10:07:40.233,1.76447,1.76468,1.50,1.00
2018.06.01 10:07:41.547,1.76447,1.76467,1.00,1.00
2018.06.01 10:07:43.332,1.76447,1.76469,1.50,1.00
2018.06.01 10:07:44.640,1.76457,1.76477,1.00,1.00
2018.06.01 10:07:44.743,1.76457,1.7648,1.00,1.00
2018.06.01 10:07:45.023,1.76456,1.76482,1.50,1.00
2018.06.01 10:07:45.074,1.76456,1.76479,1.50,1.00
2018.06.01 10:07:45.580,1.76457,1.76479,1.00,1.00
2018.06.01 10:07:45.733,1.76454,1.76477,1.00,1.00
2018.06.01 10:07:45.885,1.7645,1.76473,1.00,1.00
2018.06.01 10:07:45.936,1.76448,1.76473,2.25,1.00
2018.06.01 10:07:45.987,1.76448,1.76471,1.00,1.00
2018.06.01 10:07:46.626,1.76448,1.76472,1.00,1.00
2018.06.01 10:07:47.054,1.76448,1.7647,1.12,1.00
2018.06.01 10:07:47.257,1.76447,1.76475,2.62,1.00
2018.06.01 10:07:47.359,1.76447,1.76475,1.12,1.00
2018.06.01 10:07:48.533,1.76448,1.76475,1.12,1.00
2018.06.01 10:07:48.586,1.76452,1.76475,1.00,1.00
2018.06.01 10:07:48.638,1.76451,1.76479,2.62,1.00
2018.06.01 10:07:48.690,1.76454,1.76479,1.00,1.00
2018.06.01 10:07:49.015,1.76447,1.76471,1.00,1.00
2018.06.01 10:07:49.762,1.76447,1.76472,1.00,1.00
2018.06.01 10:07:50.068,1.76447,1.76468,1.00,1.00
2018.06.01 10:07:50.372,1.76446,1.76466,1.00,1.00
2018.06.01 10:07:50.506,1.76447,1.76468,1.00,1.00
2018.06.01 10:07:51.047,1.76446,1.76469,1.00,1.00
2018.06.01 10:07:51.099,1.76452,1.76469,1.00,1.00
2018.06.01 10:07:51.289,1.76445,1.76464,1.00,1.00
2018.06.01 10:07:51.340,1.76443,1.76464,1.00,1.00
2018.06.01 10:07:51.493,1.76438,1.76465,1.50,1.00
2018.06.01 10:07:51.544,1.76442,1.76461,1.00,1.00
2018.06.01 10:07:52.218,1.76441,1.76461,1.00,1.00
2018.06.01 10:07:52.506,1.76438,1.76461,1.50,1.00
2018.06.01 10:07:52.558,1.76442,1.76461,1.00,1.00
2018.06.01 10:07:53.264,1.76441,1.76461,1.00,1.00
2018.06.01 10:07:53.674,1.76446,1.76461,1.00,1.00
2018.06.01 10:07:53.725,1.76441,1.76461,1.00,1.00
2018.06.01 10:07:53.777,1.76446,1.76461,1.00,1.00
2018.06.01 10:07:53.828,1.76441,1.76461,1.00,1.00
2018.06.01 10:07:53.879,1.76446,1.76462,1.00,1.00
2018.06.01 10:07:53.931,1.76442,1.76462,1.69,1.00
2018.06.01 10:07:53.982,1.76452,1.76467,1.00,1.00
2018.06.01 10:07:54.281,1.76446,1.76469,1.00,1.00
2018.06.01 10:07:54.982,1.76446,1.7647,1.00,1.00
2018.06.01 10:07:55.084,1.76446,1.76468,1.00,1.00
2018.06.01 10:07:55.561,1.76444,1.76464,1.00,1.00
2018.06.01 10:07:55.613,1.76442,1.76464,1.00,1.00
2018.06.01 10:07:55.919,1.76446,1.76464,1.00,1.00
2018.06.01 10:07:56.184,1.76446,1.76467,1.00,1.00
2018.06.01 10:07:56.409,1.76442,1.76467,1.50,1.00
2018.06.01 10:07:56.461,1.76446,1.76467,1.00,1.00
2018.06.01 10:07:56.513,1.76443,1.76466,1.00,1.00
2018.06.01 10:07:56.564,1.76447,1.76471,1.00,1.50
2018.06.01 10:07:56.616,1.76452,1.76471,1.00,1.50
2018.06.01 10:07:56.719,1.76452,1.76473,1.00,1.00
2018.06.01 10:07:57.411,1.76447,1.76473,1.00,1.00
2018.06.01 10:07:57.467,1.76452,1.76475,1.00,1.00
2018.06.01 10:07:58.136,1.76452,1.76476,1.12,1.00
2018.06.01 10:07:58.799,1.76451,1.76476,2.06,1.00
2018.06.01 10:07:59.232,1.76452,1.76473,1.00,1.00
2018.06.01 10:07:59.284,1.76449,1.76472,1.00,1.00
2018.06.01 10:07:59.397,1.76447,1.76468,1.00,1.00
2018.06.01 10:07:59.712,1.76451,1.7647,1.31,1.00
2018.06.01 10:07:59.914,1.76451,1.76473,1.31,1.00
2018.06.01 10:07:59.971,1.76451,1.76471,1.56,1.00
2018.06.01 10:08:00.023,1.76449,1.7647,1.00,1.00
2018.06.01 10:08:00.075,1.76448,1.76467,1.25,1.00
2018.06.01 10:08:00.281,1.76448,1.7647,1.00,1.00
2018.06.01 10:08:01.057,1.76446,1.7647,2.06,1.00
2018.06.01 10:08:01.211,1.76446,1.76471,3.00,1.00
2018.06.01 10:08:01.397,1.76452,1.76475,1.00,1.50
2018.06.01 10:08:01.656,1.76452,1.76475,1.13,1.00
2018.06.01 10:08:01.862,1.76457,1.76479,1.00,1.00
2018.06.01 10:08:01.913,1.76462,1.76479,1.00,1.00
2018.06.01 10:08:02.015,1.76462,1.76481,1.00,1.00
2018.06.01 10:08:02.226,1.76462,1.76478,1.00,1.00
2018.06.01 10:08:02.277,1.76454,1.76478,1.00,1.00
2018.06.01 10:08:02.329,1.76453,1.76476,1.00,1.00
2018.06.01 10:08:02.431,1.7645,1.76474,1.25,1.00
2018.06.01 10:08:02.482,1.7645,1.76472,1.25,1.00
2018.06.01 10:08:02.787,1.76452,1.76471,1.00,1.00
2018.06.01 10:08:02.838,1.7645,1.76471,1.50,1.00
2018.06.01 10:08:03.364,1.7645,1.76472,1.00,1.00
2018.06.01 10:08:04.030,1.76451,1.76472,1.00,1.00
2018.06.01 10:08:04.541,1.76452,1.76472,1.00,1.00
2018.06.01 10:08:06.659,1.7645,1.76472,1.50,1.00
2018.06.01 10:08:06.890,1.76452,1.76472,1.00,1.00
2018.06.01 10:08:07.223,1.76448,1.76465,1.00,1.00
2018.06.01 10:08:07.275,1.76446,1.76465,1.50,1.50
2018.06.01 10:08:07.379,1.76446,1.76467,2.25,1.00
2018.06.01 10:08:07.431,1.76452,1.76474,1.00,1.50
2018.06.01 10:08:07.483,1.76452,1.76471,1.00,1.00
2018.06.01 10:08:07.585,1.76452,1.76475,1.56,1.00
2018.06.01 10:08:07.637,1.76452,1.76471,1.00,1.00
2018.06.01 10:08:07.785,1.76447,1.76467,1.00,1.00
2018.06.01 10:08:07.836,1.76448,1.76467,1.94,1.00
2018.06.01 10:08:07.886,1.76452,1.76473,1.00,1.00
2018.06.01 10:08:08.241,1.76451,1.76474,1.56,1.00
2018.06.01 10:08:08.292,1.7645,1.76476,1.81,1.00
2018.06.01 10:08:08.707,1.7645,1.76478,2.00,1.00
2018.06.01 10:08:09.003,1.7645,1.76475,2.00,1.00
2018.06.01 10:08:09.341,1.7645,1.76473,2.25,1.00
2018.06.01 10:08:09.494,1.7645,1.76473,1.87,1.00
2018.06.01 10:08:09.572,1.7645,1.76469,1.00,1.00
2018.06.01 10:08:09.877,1.76447,1.76466,1.88,1.00
2018.06.01 10:08:10.029,1.76447,1.76466,1.88,1.00
2018.06.01 10:08:10.707,1.76451,1.76468,1.00,1.00
2018.06.01 10:08:10.862,1.76452,1.7647,1.00,1.00
2018.06.01 10:08:10.965,1.76451,1.76464,1.13,1.00
2018.06.01 10:08:11.120,1.76451,1.76471,1.50,1.00
2018.06.01 10:08:11.225,1.76451,1.76471,1.31,1.00
2018.06.01 10:08:11.327,1.76451,1.76473,1.25,1.00
2018.06.01 10:08:11.871,1.76451,1.76472,1.00,1.00
2018.06.01 10:08:12.345,1.76451,1.76467,1.00,1.00
2018.06.01 10:08:12.447,1.76446,1.76467,1.25,1.00
2018.06.01 10:08:13.243,1.76452,1.76467,1.00,1.00
2018.06.01 10:08:13.293,1.76446,1.76467,2.25,1.00
2018.06.01 10:08:13.833,1.76451,1.76472,1.00,1.00
2018.06.01 10:08:14.026,1.7645,1.76469,2.06,1.00
2018.06.01 10:08:14.079,1.76448,1.76469,1.31,1.00
2018.06.01 10:08:14.232,1.76447,1.76471,1.19,1.00
2018.06.01 10:08:14.384,1.76452,1.76471,1.00,1.00
2018.06.01 10:08:14.435,1.76447,1.76473,1.31,1.50
2018.06.01 10:08:14.486,1.76447,1.7647,1.31,1.00
2018.06.01 10:08:14.795,1.76447,1.76468,2.06,1.00
2018.06.01 10:08:14.948,1.76447,1.7647,2.25,1.00
2018.06.01 10:08:15.546,1.76447,1.7647,2.44,1.00
2018.06.01 10:08:15.647,1.76447,1.76469,2.25,1.00
2018.06.01 10:08:15.699,1.7645,1.76473,1.38,1.00
2018.06.01 10:08:15.801,1.76452,1.76474,1.94,1.00
2018.06.01 10:08:16.062,1.76448,1.76472,1.94,1.00
2018.06.01 10:08:16.113,1.76447,1.76472,1.13,1.50
2018.06.01 10:08:16.418,1.76447,1.7647,1.81,1.00
2018.06.01 10:08:16.469,1.76442,1.7647,3.00,1.00
2018.06.01 10:08:16.571,1.76443,1.76468,1.75,1.00
2018.06.01 10:08:16.732,1.76444,1.7647,1.13,1.50
2018.06.01 10:08:16.785,1.76442,1.76465,1.00,1.50
2018.06.01 10:08:17.093,1.76439,1.76462,1.75,1.00
2018.06.01 10:08:17.246,1.76439,1.76462,1.56,1.00
2018.06.01 10:08:17.298,1.76441,1.76462,1.50,1.00
2018.06.01 10:08:17.634,1.76447,1.76462,1.00,1.00
2018.06.01 10:08:17.735,1.76441,1.76462,1.75,1.00
2018.06.01 10:08:17.938,1.76441,1.76465,1.75,1.00
2018.06.01 10:08:18.366,1.76439,1.76465,2.25,1.00
2018.06.01 10:08:18.418,1.7644,1.76465,1.75,1.00
2018.06.01 10:08:18.780,1.76439,1.76465,1.38,1.00
2018.06.01 10:08:18.832,1.76439,1.76465,1.00,1.69
2018.06.01 10:08:18.883,1.76437,1.76462,2.25,1.00
2018.06.01 10:08:18.935,1.76438,1.76464,2.25,1.00
2018.06.01 10:08:19.038,1.76438,1.76464,1.75,1.00
2018.06.01 10:08:19.389,1.76447,1.76459,1.00,1.00
2018.06.01 10:08:19.492,1.76441,1.76461,1.00,1.50
2018.06.01 10:08:20.174,1.76442,1.76461,1.00,1.50
2018.06.01 10:08:20.694,1.76442,1.7646,1.00,1.00
2018.06.01 10:08:21.776,1.76441,1.76461,1.00,1.50
2018.06.01 10:08:21.879,1.76441,1.76458,1.00,1.25
2018.06.01 10:08:21.931,1.76431,1.76457,1.38,1.00
2018.06.01 10:08:21.983,1.76431,1.76458,1.44,1.00
2018.06.01 10:08:22.034,1.76432,1.76456,1.25,1.00
2018.06.01 10:08:22.336,1.76437,1.76456,1.00,1.00
2018.06.01 10:08:22.492,1.76436,1.76458,1.00,1.00
2018.06.01 10:08:23.097,1.76436,1.76453,1.25,1.00
2018.06.01 10:08:23.252,1.76427,1.76449,1.00,1.00
2018.06.01 10:08:23.610,1.76426,1.76447,1.00,1.00
2018.06.01 10:08:24.179,1.76427,1.76447,1.00,1.00
2018.06.01 10:08:24.587,1.76417,1.76441,1.12,1.25
2018.06.01 10:08:24.638,1.76421,1.76439,1.00,1.00
2018.06.01 10:08:24.986,1.76421,1.76432,1.00,1.00
2018.06.01 10:08:25.773,1.76421,1.7643,1.00,1.00
2018.06.01 10:08:26.386,1.76422,1.7643,1.00,1.00
2018.06.01 10:08:26.438,1.76416,1.76435,1.25,1.00
2018.06.01 10:08:26.490,1.76426,1.76436,1.00,1.00
2018.06.01 10:08:26.541,1.76422,1.76445,1.00,1.50
2018.06.01 10:08:26.592,1.76426,1.76445,1.00,1.50
2018.06.01 10:08:27.053,1.76421,1.76445,1.00,1.50
2018.06.01 10:08:27.205,1.76426,1.76445,1.00,1.50
2018.06.01 10:08:27.307,1.76421,1.76445,1.00,1.50
2018.06.01 10:08:27.363,1.76427,1.76445,1.00,1.50
2018.06.01 10:08:27.464,1.76422,1.76445,1.00,1.50
2018.06.01 10:08:27.515,1.76426,1.76445,1.00,1.50
2018.06.01 10:08:27.740,1.76422,1.76445,2.06,1.00
2018.06.01 10:08:27.791,1.76426,1.76448,1.50,1.00
2018.06.01 10:08:28.731,1.76432,1.76448,1.00,1.00
2018.06.01 10:08:29.647,1.76427,1.76448,1.00,1.00
2018.06.01 10:08:30.187,1.76426,1.76448,1.00,1.00
2018.06.01 10:08:30.619,1.7643,1.76448,1.31,1.00
2018.06.01 10:08:30.670,1.76431,1.7645,1.00,1.00
2018.06.01 10:08:30.984,1.76431,1.76454,1.25,1.00
2018.06.01 10:08:31.278,1.76427,1.7645,1.00,1.00
2018.06.01 10:08:31.813,1.76427,1.76449,1.00,1.00
2018.06.01 10:08:32.604,1.76423,1.76449,1.37,1.00
2018.06.01 10:08:32.757,1.76427,1.76449,1.00,1.00
2018.06.01 10:08:32.808,1.76423,1.76449,1.25,1.00
2018.06.01 10:08:32.859,1.76423,1.76446,1.00,1.00
2018.06.01 10:08:33.166,1.76417,1.76445,1.50,1.50
2018.06.01 10:08:33.337,1.76417,1.76442,1.00,1.00
2018.06.01 10:08:33.661,1.7642,1.76447,2.25,1.00
2018.06.01 10:08:33.764,1.76423,1.76449,1.00,1.00
2018.06.01 10:08:34.301,1.76424,1.76449,1.00,1.00
2018.06.01 10:08:34.786,1.76424,1.76451,1.00,1.00
2018.06.01 10:08:36.254,1.76424,1.7645,1.00,1.00
2018.06.01 10:08:36.868,1.76424,1.76451,1.00,1.25
2018.06.01 10:08:37.229,1.76422,1.76451,1.13,2.06
2018.06.01 10:08:37.285,1.76422,1.76451,1.00,2.81
2018.06.01 10:08:37.592,1.76421,1.76445,1.00,1.00
2018.06.01 10:08:37.796,1.76416,1.76441,1.00,1.00
2018.06.01 10:08:38.318,1.76417,1.76441,1.00,1.00
2018.06.01 10:08:38.369,1.76421,1.76441,1.00,1.00
2018.06.01 10:08:39.253,1.76421,1.76442,1.00,1.00
2018.06.01 10:08:39.526,1.76417,1.76442,1.50,1.50
2018.06.01 10:08:40.784,1.76416,1.76442,1.88,1.50
2018.06.01 10:08:41.327,1.76417,1.76442,1.25,1.00
2018.06.01 10:08:41.871,1.76416,1.76441,1.88,1.00
2018.06.01 10:08:41.974,1.76416,1.76443,1.50,1.25
2018.06.01 10:08:42.077,1.76412,1.76439,1.50,1.50
2018.06.01 10:08:42.427,1.76412,1.76437,1.00,1.50
2018.06.01 10:08:42.734,1.76411,1.76433,1.25,1.00
2018.06.01 10:08:42.938,1.76411,1.76436,1.00,1.00
2018.06.01 10:08:44.813,1.76409,1.76437,1.00,1.69
2018.06.01 10:08:44.970,1.76406,1.76433,1.50,1.00
2018.06.01 10:08:45.276,1.76403,1.7643,1.69,1.00
2018.06.01 10:08:45.599,1.76403,1.76427,1.00,1.00
2018.06.01 10:08:45.979,1.76407,1.76427,1.00,1.00
2018.06.01 10:08:46.528,1.76406,1.76427,1.12,1.00
2018.06.01 10:08:46.580,1.76406,1.76431,1.63,1.00
2018.06.01 10:08:46.875,1.76406,1.76429,1.31,1.00
2018.06.01 10:08:46.996,1.76406,1.76432,1.31,1.00
2018.06.01 10:08:47.047,1.76409,1.76434,1.00,1.00
2018.06.01 10:08:47.553,1.76407,1.76434,1.00,2.44
2018.06.01 10:08:47.889,1.76397,1.76421,1.00,1.00
2018.06.01 10:08:48.416,1.76397,1.76422,1.00,1.50
2018.06.01 10:08:48.999,1.76397,1.76421,1.00,1.00
2018.06.01 10:08:49.533,1.76396,1.76422,1.00,1.50
2018.06.01 10:08:50.043,1.76396,1.76421,1.13,1.00
2018.06.01 10:08:50.646,1.76396,1.76421,1.38,1.00
2018.06.01 10:08:51.206,1.76396,1.76421,1.25,1.00
2018.06.01 10:08:51.740,1.76396,1.76421,1.38,1.00
2018.06.01 10:08:52.365,1.76397,1.76422,1.00,1.50
2018.06.01 10:08:52.954,1.76397,1.76421,1.00,1.00
2018.06.01 10:08:53.480,1.76397,1.76421,1.00,1.31
2018.06.01 10:08:53.582,1.76397,1.76422,1.00,1.31
2018.06.01 10:08:54.100,1.76397,1.76422,1.00,2.06
2018.06.01 10:08:54.750,1.76397,1.76422,1.00,2.06
2018.06.01 10:08:55.314,1.76397,1.76422,1.00,2.06
2018.06.01 10:08:55.436,1.76397,1.76422,1.38,1.50
2018.06.01 10:08:55.604,1.76403,1.76428,1.38,1.00
2018.06.01 10:08:55.858,1.76406,1.76429,1.00,1.00
2018.06.01 10:08:56.416,1.76407,1.76429,1.00,1.00
2018.06.01 10:08:56.900,1.76403,1.76429,1.38,1.00
2018.06.01 10:08:57.003,1.76406,1.76431,1.13,1.00
2018.06.01 10:08:57.276,1.76406,1.7643,1.38,1.00
2018.06.01 10:08:57.583,1.76412,1.76431,1.00,1.00
2018.06.01 10:08:58.268,1.76411,1.76431,1.00,1.00
2018.06.01 10:08:59.642,1.76412,1.76431,1.00,1.00
2018.06.01 10:08:59.744,1.76412,1.76433,1.00,1.00
2018.06.01 10:09:00.286,1.76406,1.76433,1.50,1.50
2018.06.01 10:09:00.338,1.76407,1.76434,1.75,1.00
2018.06.01 10:09:00.705,1.76421,1.7644,1.00,1.00
2018.06.01 10:09:00.757,1.76422,1.76447,1.00,1.50
2018.06.01 10:09:00.808,1.76419,1.76447,1.00,1.31
2018.06.01 10:09:00.910,1.76422,1.76446,1.00,1.88
2018.06.01 10:09:00.961,1.76417,1.76445,1.50,1.25
2018.06.01 10:09:01.012,1.76415,1.76443,1.88,1.00
2018.06.01 10:09:01.320,1.76417,1.76438,1.00,1.00
2018.06.01 10:09:01.648,1.76411,1.76437,2.63,1.00
2018.06.01 10:09:01.902,1.76417,1.76437,1.00,1.00
2018.06.01 10:09:02.003,1.76417,1.7644,1.00,1.88
2018.06.01 10:09:02.157,1.76412,1.7644,1.31,1.25
2018.06.01 10:09:02.258,1.76417,1.7644,1.00,1.31
2018.06.01 10:09:02.871,1.76412,1.7644,1.00,1.44
2018.06.01 10:09:03.544,1.76412,1.76438,1.00,1.00
2018.06.01 10:09:04.077,1.76412,1.76438,1.00,1.31
2018.06.01 10:09:04.596,1.76411,1.76437,1.00,1.25
2018.06.01 10:09:04.735,1.76412,1.76438,1.00,2.06
2018.06.01 10:09:05.042,1.76411,1.76433,1.00,1.00
2018.06.01 10:09:05.973,1.76412,1.76433,1.00,1.00
2018.06.01 10:09:06.979,1.76411,1.76433,1.00,1.00
2018.06.01 10:09:07.624,1.76412,1.76433,1.00,1.00
2018.06.01 10:09:08.753,1.76407,1.76433,1.69,1.00
2018.06.01 10:09:08.907,1.76412,1.76432,1.00,1.00
2018.06.01 10:09:09.412,1.76412,1.76433,1.00,1.00
2018.06.01 10:09:09.468,1.76408,1.76431,1.00,1.00
2018.06.01 10:09:10.294,1.76407,1.76431,1.50,1.00
2018.06.01 10:09:11.601,1.76408,1.76431,1.00,1.00
2018.06.01 10:09:12.186,1.76411,1.76431,1.00,1.00
2018.06.01 10:09:13.615,1.76412,1.76431,1.00,1.00
2018.06.01 10:09:15.227,1.76412,1.76432,1.00,1.00
2018.06.01 10:09:15.279,1.76407,1.76432,1.00,1.00
2018.06.01 10:09:15.976,1.76411,1.76432,1.00,1.00
2018.06.01 10:09:16.128,1.76407,1.76432,1.00,1.00
2018.06.01 10:09:16.280,1.76406,1.76429,1.00,1.00
2018.06.01 10:09:16.433,1.76404,1.76429,2.25,1.00
2018.06.01 10:09:16.585,1.76406,1.76429,1.00,1.50
2018.06.01 10:09:16.917,1.76411,1.7643,1.00,1.00
2018.06.01 10:09:16.968,1.76411,1.76432,1.00,1.00
2018.06.01 10:09:17.323,1.76408,1.76432,1.00,1.00
2018.06.01 10:09:18.119,1.76409,1.76431,1.00,1.00
2018.06.01 10:09:18.222,1.76411,1.76431,1.00,1.00
2018.06.01 10:09:18.735,1.76411,1.76432,1.25,1.50
2018.06.01 10:09:18.940,1.76408,1.76432,1.69,1.50
2018.06.01 10:09:19.442,1.76409,1.76432,1.00,1.50
2018.06.01 10:09:20.013,1.76409,1.76431,1.00,1.00
2018.06.01 10:09:20.518,1.76408,1.76431,1.69,1.00
2018.06.01 10:09:21.546,1.76408,1.7643,1.69,1.00
2018.06.01 10:09:22.034,1.76411,1.76427,1.00,1.00
2018.06.01 10:09:22.085,1.76406,1.76428,1.13,1.00
2018.06.01 10:09:22.734,1.76406,1.76428,1.38,1.00
2018.06.01 10:09:23.245,1.76406,1.76429,1.38,1.00
2018.06.01 10:09:23.297,1.76411,1.7643,1.00,1.50
2018.06.01 10:09:23.741,1.76411,1.76427,1.00,1.00
2018.06.01 10:09:24.609,1.76411,1.76431,1.00,1.00
