2018.05.14 04:00:00.221,1.79542,1.79566,1.00,1.13
2018.05.14 04:00:00.572,1.79542,1.79567,1.00,1.19
2018.05.14 04:00:02.173,1.79542,1.79567,1.00,1.00
2018.05.14 04:00:05.179,1.79542,1.79568,1.00,1.13
2018.05.14 04:00:07.574,1.79541,1.79569,1.50,1.00
2018.05.14 04:00:07.626,1.79547,1.79569,1.87,1.00
2018.05.14 04:00:07.729,1.79552,1.79575,1.00,1.00
2018.05.14 04:00:07.781,1.79552,1.79577,1.00,1.00
2018.05.14 04:00:08.303,1.79552,1.79578,1.00,1.00
2018.05.14 04:00:08.691,1.79551,1.79578,1.00,1.94
2018.05.14 04:00:08.998,1.79542,1.79566,1.00,1.37
2018.05.14 04:00:09.101,1.79542,1.79566,1.00,1.75
2018.05.14 04:00:09.203,1.79542,1.79566,1.00,1.37
2018.05.14 04:00:10.016,1.79542,1.79566,1.00,1.37
2018.05.14 04:00:11.697,1.79542,1.79559,1.00,1.00
2018.05.14 04:00:12.973,1.79542,1.79565,1.00,1.19
2018.05.14 04:00:13.522,1.79542,1.79565,1.00,1.00
2018.05.14 04:00:35.739,1.79536,1.79565,1.88,1.00
2018.05.14 04:00:37.722,1.79536,1.79565,2.25,1.00
2018.05.14 04:00:38.702,1.79536,1.79565,2.25,1.00
2018.05.14 04:00:39.334,1.79536,1.79565,2.63,1.00
2018.05.14 04:00:40.834,1.79536,1.79565,2.25,1.00
2018.05.14 04:00:42.462,1.79536,1.79565,2.63,1.00
2018.05.14 04:00:43.378,1.79536,1.79565,2.06,1.00
2018.05.14 04:00:45.198,1.79536,1.79565,2.63,1.00
2018.05.14 04:00:45.816,1.79536,1.79565,2.25,1.00
2018.05.14 04:00:46.655,1.79536,1.79565,2.63,1.00
2018.05.14 04:00:47.469,1.79536,1.79565,2.06,1.00
2018.05.14 04:00:48.126,1.79536,1.79565,2.63,1.00
2018.05.14 04:00:52.283,1.79536,1.79565,2.06,1.00
2018.05.14 04:00:55.374,1.79536,1.79565,2.63,1.00
2018.05.14 04:00:55.425,1.79541,1.79565,1.00,1.00
2018.05.14 04:00:57.095,1.79541,1.79566,1.00,1.00
2018.05.14 04:01:06.992,1.79541,1.79566,1.00,1.19
2018.05.14 04:01:15.802,1.79541,1.79569,1.00,1.25
2018.05.14 04:01:17.386,1.79541,1.79569,1.13,1.63
2018.05.14 04:01:19.371,1.79541,1.79569,1.00,1.13
2018.05.14 04:01:20.094,1.79538,1.79569,1.38,1.13
2018.05.14 04:01:20.145,1.79538,1.79569,1.00,1.31
2018.05.14 04:01:21.067,1.79538,1.79569,1.25,1.63
2018.05.14 04:01:24.457,1.79538,1.79569,1.00,1.31
2018.05.14 04:01:25.172,1.79538,1.79569,1.25,1.63
2018.05.14 04:01:26.280,1.79538,1.79569,1.00,1.31
2018.05.14 04:01:26.470,1.79538,1.79569,1.25,2.00
2018.05.14 04:01:27.359,1.79538,1.79569,1.50,1.63
2018.05.14 04:01:28.183,1.79538,1.79569,1.75,1.63
2018.05.14 04:01:28.748,1.79538,1.79569,1.12,1.31
2018.05.14 04:01:29.508,1.79538,1.79569,1.63,1.81
2018.05.14 04:01:31.777,1.79538,1.79569,1.25,1.63
2018.05.14 04:01:32.399,1.79538,1.79569,1.00,1.31
2018.05.14 04:01:33.351,1.79538,1.79569,1.00,1.69
2018.05.14 04:01:33.853,1.79538,1.79569,1.44,1.50
2018.05.14 04:01:34.385,1.79538,1.79569,1.00,1.69
2018.05.14 04:01:34.830,1.79538,1.79568,1.25,1.00
2018.05.14 04:01:35.445,1.79539,1.79568,1.00,1.00
2018.05.14 04:01:36.200,1.79539,1.79571,1.44,3.19
2018.05.14 04:01:37.479,1.79539,1.79569,1.00,1.00
2018.05.14 04:01:38.632,1.79539,1.79568,1.50,1.00
2018.05.14 04:01:41.110,1.79539,1.79569,1.50,1.00
2018.05.14 04:01:41.862,1.79539,1.79568,1.00,1.00
2018.05.14 04:01:42.037,1.79549,1.7957,1.44,1.00
2018.05.14 04:01:42.192,1.7956,1.79584,1.00,1.31
2018.05.14 04:01:42.295,1.79559,1.79585,1.50,1.00
2018.05.14 04:01:42.397,1.79561,1.79586,1.00,1.00
2018.05.14 04:01:42.802,1.79563,1.79586,1.00,1.00
2018.05.14 04:01:43.669,1.79561,1.79586,1.50,1.00
2018.05.14 04:01:44.412,1.79563,1.79586,1.00,1.00
2018.05.14 04:01:44.660,1.79561,1.79586,1.50,1.00
2018.05.14 04:01:44.860,1.79563,1.79586,1.00,1.00
2018.05.14 04:01:46.890,1.79561,1.79586,1.00,1.00
2018.05.14 04:01:47.837,1.79562,1.79586,1.00,1.00
2018.05.14 04:01:48.945,1.79562,1.79586,1.00,1.37
2018.05.14 04:01:49.099,1.79562,1.79586,1.00,2.19
2018.05.14 04:01:49.508,1.7956,1.79586,1.00,1.69
2018.05.14 04:01:49.772,1.79562,1.7959,1.00,1.81
2018.05.14 04:01:49.824,1.79562,1.79588,1.00,1.13
2018.05.14 04:01:50.191,1.79562,1.79587,1.00,1.13
2018.05.14 04:01:50.533,1.79562,1.79588,1.00,1.94
2018.05.14 04:01:50.584,1.79559,1.79586,1.50,1.13
2018.05.14 04:01:51.128,1.79559,1.79588,1.00,1.31
2018.05.14 04:01:51.604,1.79562,1.79587,1.00,1.13
2018.05.14 04:01:52.236,1.79562,1.79588,1.00,1.94
2018.05.14 04:01:54.275,1.79562,1.79589,1.00,1.50
2018.05.14 04:01:54.478,1.79562,1.79587,1.00,1.44
2018.05.14 04:01:57.815,1.79561,1.79587,1.50,1.19
2018.05.14 04:01:58.460,1.79563,1.79587,1.00,1.19
2018.05.14 04:01:58.562,1.79561,1.79587,1.00,1.31
2018.05.14 04:01:58.813,1.79561,1.79589,1.00,1.38
2018.05.14 04:01:59.477,1.79561,1.7959,1.00,1.50
2018.05.14 04:01:59.529,1.79561,1.7959,1.00,1.88
2018.05.14 04:01:59.836,1.79561,1.7959,1.00,1.88
2018.05.14 04:01:59.938,1.79561,1.7959,1.00,1.88
2018.05.14 04:02:00.646,1.79562,1.7959,1.87,1.38
2018.05.14 04:02:01.008,1.79562,1.79591,1.12,1.00
2018.05.14 04:02:03.318,1.79561,1.79591,2.25,1.00
2018.05.14 04:02:03.847,1.79562,1.79591,1.50,1.00
2018.05.14 04:02:05.051,1.79561,1.79591,2.25,1.00
2018.05.14 04:02:05.631,1.79562,1.79591,1.00,1.00
2018.05.14 04:02:07.195,1.79561,1.79591,2.25,1.00
2018.05.14 04:02:08.457,1.79562,1.79591,1.00,1.00
2018.05.14 04:02:10.558,1.79562,1.79592,1.00,1.00
2018.05.14 04:02:11.084,1.79561,1.79592,2.25,1.25
2018.05.14 04:02:12.768,1.79562,1.79591,1.00,1.44
2018.05.14 04:02:13.412,1.79562,1.79591,1.00,1.19
2018.05.14 04:02:14.075,1.79562,1.79591,1.00,1.19
2018.05.14 04:02:16.736,1.79561,1.79591,2.25,1.69
2018.05.14 04:02:17.587,1.79562,1.79591,1.00,1.87
2018.05.14 04:02:18.235,1.79562,1.79591,1.50,1.12
2018.05.14 04:02:18.337,1.79562,1.79591,1.00,1.19
2018.05.14 04:02:20.399,1.79561,1.79592,2.25,1.69
2018.05.14 04:02:20.947,1.79562,1.79591,1.00,1.38
2018.05.14 04:02:21.507,1.79561,1.79592,2.25,1.88
2018.05.14 04:02:22.055,1.79562,1.79591,1.00,1.38
2018.05.14 04:02:22.212,1.79561,1.79592,1.00,1.69
2018.05.14 04:02:22.759,1.79561,1.79591,1.00,1.81
2018.05.14 04:02:23.313,1.79561,1.79591,1.00,1.37
2018.05.14 04:02:23.973,1.7956,1.79591,1.00,1.37
2018.05.14 04:02:24.547,1.7956,1.79591,1.00,1.00
2018.05.14 04:02:25.107,1.7956,1.79591,1.00,1.19
2018.05.14 04:02:25.624,1.7956,1.79591,1.00,1.25
2018.05.14 04:02:26.996,1.7956,1.79591,1.00,1.19
2018.05.14 04:02:27.522,1.7956,1.79591,1.00,1.13
2018.05.14 04:02:27.573,1.7956,1.79591,1.00,1.19
2018.05.14 04:02:27.675,1.7956,1.79591,1.00,1.00
2018.05.14 04:02:28.227,1.7956,1.79591,1.00,1.38
2018.05.14 04:02:28.329,1.7956,1.79591,1.00,1.25
2018.05.14 04:02:28.703,1.7956,1.79591,1.12,1.38
2018.05.14 04:02:29.591,1.7956,1.79591,1.00,1.25
2018.05.14 04:02:29.732,1.7956,1.79591,1.12,1.38
2018.05.14 04:02:31.228,1.7956,1.79591,1.00,1.19
2018.05.14 04:02:31.589,1.79559,1.79591,1.00,1.69
2018.05.14 04:02:31.896,1.79558,1.79588,1.00,1.44
2018.05.14 04:02:32.215,1.79558,1.79588,1.00,1.25
2018.05.14 04:02:32.517,1.79558,1.79588,1.50,1.38
2018.05.14 04:02:33.035,1.79559,1.79588,1.00,1.44
2018.05.14 04:02:33.086,1.79559,1.79588,1.00,1.13
2018.05.14 04:02:33.188,1.79559,1.79588,1.00,1.38
2018.05.14 04:02:33.691,1.79559,1.79588,1.00,1.38
2018.05.14 04:02:33.844,1.79559,1.79588,1.00,1.38
2018.05.14 04:02:33.895,1.79559,1.79588,1.00,1.38
2018.05.14 04:02:34.107,1.79559,1.79588,1.00,1.44
2018.05.14 04:02:34.678,1.79559,1.79588,1.00,1.38
2018.05.14 04:02:35.198,1.79559,1.79588,1.00,1.44
2018.05.14 04:02:36.004,1.79559,1.79588,1.00,1.13
2018.05.14 04:02:36.522,1.79559,1.79588,1.00,1.44
2018.05.14 04:02:37.236,1.79559,1.79588,1.00,1.13
2018.05.14 04:02:37.287,1.79559,1.79588,1.00,1.38
2018.05.14 04:02:37.440,1.79559,1.79588,1.00,1.25
2018.05.14 04:02:38.036,1.79559,1.79588,1.00,1.44
2018.05.14 04:02:38.189,1.79559,1.79588,1.00,1.25
2018.05.14 04:02:40.789,1.79559,1.79588,1.00,1.44
2018.05.14 04:02:40.840,1.79562,1.79588,1.00,1.38
2018.05.14 04:02:40.943,1.79557,1.79585,1.50,1.13
2018.05.14 04:02:41.480,1.79557,1.79586,1.00,1.13
2018.05.14 04:02:42.132,1.79557,1.79587,1.00,2.44
2018.05.14 04:02:42.335,1.79557,1.79585,1.37,1.12
2018.05.14 04:02:42.665,1.79552,1.79576,1.00,1.12
2018.05.14 04:02:42.920,1.79552,1.79578,1.00,2.00
2018.05.14 04:02:43.538,1.79552,1.79579,1.37,1.75
2018.05.14 04:02:43.881,1.79551,1.79579,1.00,1.00
2018.05.14 04:02:43.933,1.79554,1.79579,1.00,1.00
2018.05.14 04:02:43.985,1.79557,1.79586,2.25,2.06
2018.05.14 04:02:44.036,1.79558,1.79586,1.00,1.00
2018.05.14 04:02:44.088,1.79558,1.79591,1.50,2.25
2018.05.14 04:02:44.139,1.79558,1.79591,1.87,1.75
2018.05.14 04:02:44.395,1.79552,1.79583,1.00,2.44
2018.05.14 04:02:44.447,1.79552,1.79581,1.00,1.31
2018.05.14 04:02:44.499,1.79549,1.7958,1.00,2.00
2018.05.14 04:02:44.550,1.79549,1.7958,1.00,1.62
2018.05.14 04:02:45.573,1.79548,1.79579,1.00,1.37
2018.05.14 04:02:46.099,1.79547,1.79579,1.50,1.37
2018.05.14 04:02:46.701,1.79547,1.79579,2.25,1.50
2018.05.14 04:02:47.001,1.79547,1.79579,2.25,1.31
2018.05.14 04:02:47.516,1.79547,1.79579,2.25,1.31
2018.05.14 04:02:49.008,1.79547,1.79579,1.00,1.25
2018.05.14 04:02:49.660,1.79548,1.7958,1.00,1.50
2018.05.14 04:02:52.489,1.79548,1.7958,1.50,1.88
2018.05.14 04:02:52.680,1.79548,1.7958,1.50,1.50
2018.05.14 04:02:53.031,1.79548,1.79579,1.00,1.50
2018.05.14 04:02:55.551,1.79553,1.79579,1.50,1.00
2018.05.14 04:02:55.654,1.79558,1.79584,1.00,1.25
2018.05.14 04:02:55.705,1.79557,1.79585,1.37,1.75
2018.05.14 04:02:55.809,1.79554,1.79582,1.37,1.13
2018.05.14 04:02:55.911,1.79553,1.79581,1.00,1.19
2018.05.14 04:02:55.963,1.79551,1.79582,2.25,1.56
2018.05.14 04:02:56.505,1.79551,1.79582,2.25,1.19
2018.05.14 04:02:57.062,1.79551,1.79582,2.25,1.31
2018.05.14 04:02:57.579,1.79551,1.79582,2.25,2.06
2018.05.14 04:03:00.622,1.79551,1.79581,2.25,1.19
2018.05.14 04:03:01.133,1.79551,1.79582,1.50,1.50
2018.05.14 04:03:01.680,1.79552,1.79582,1.00,2.06
2018.05.14 04:03:02.394,1.79552,1.79582,1.00,1.69
2018.05.14 04:03:03.306,1.79552,1.79582,1.00,2.06
2018.05.14 04:03:03.870,1.79552,1.79582,1.00,1.69
2018.05.14 04:03:04.652,1.79552,1.79581,1.00,1.19
2018.05.14 04:03:05.363,1.79551,1.79581,2.25,1.19
2018.05.14 04:03:05.972,1.79552,1.79582,1.00,2.06
2018.05.14 04:03:07.711,1.79552,1.79582,1.00,1.19
2018.05.14 04:03:07.762,1.79552,1.79583,1.50,1.00
2018.05.14 04:03:07.814,1.79557,1.79583,1.00,1.00
2018.05.14 04:03:08.118,1.79559,1.7959,1.00,2.25
2018.05.14 04:03:08.374,1.79552,1.79583,1.37,1.38
2018.05.14 04:03:08.493,1.79552,1.79583,1.00,1.94
2018.05.14 04:03:08.696,1.79552,1.79583,1.00,2.25
2018.05.14 04:03:09.308,1.79552,1.79583,1.00,1.56
2018.05.14 04:03:09.532,1.79552,1.79582,1.00,1.81
2018.05.14 04:03:10.365,1.79552,1.79583,1.00,1.56
2018.05.14 04:03:11.094,1.79552,1.79581,1.00,1.00
2018.05.14 04:03:11.218,1.79552,1.79581,1.00,1.38
2018.05.14 04:03:12.079,1.7955,1.79581,1.00,2.81
2018.05.14 04:03:12.385,1.79548,1.79578,1.25,1.19
2018.05.14 04:03:13.872,1.79548,1.79576,1.00,1.00
2018.05.14 04:03:14.154,1.79548,1.79581,1.00,3.75
2018.05.14 04:03:14.307,1.79551,1.7958,1.00,1.37
2018.05.14 04:03:14.847,1.79552,1.79581,1.00,2.44
2018.05.14 04:03:14.898,1.79551,1.79581,1.00,1.50
2018.05.14 04:03:14.950,1.79556,1.79581,1.00,1.00
2018.05.14 04:03:15.256,1.79556,1.79582,1.00,1.13
2018.05.14 04:03:15.484,1.79556,1.7958,1.00,1.44
2018.05.14 04:03:16.673,1.79556,1.7958,1.00,1.38
2018.05.14 04:03:18.815,1.79556,1.7958,1.00,1.44
2018.05.14 04:03:19.388,1.79556,1.7958,1.00,1.00
2018.05.14 04:03:20.120,1.79556,1.7958,1.00,1.37
2018.05.14 04:03:20.434,1.79552,1.7958,1.00,1.00
2018.05.14 04:03:20.486,1.79557,1.79583,1.00,1.37
2018.05.14 04:03:20.538,1.79557,1.79585,1.00,1.12
2018.05.14 04:03:20.590,1.79557,1.79586,1.37,1.63
2018.05.14 04:03:20.898,1.79558,1.79587,1.00,2.63
2018.05.14 04:03:21.413,1.79558,1.79586,1.00,1.63
2018.05.14 04:03:22.757,1.79558,1.79586,1.00,1.81
2018.05.14 04:03:22.868,1.79558,1.79586,1.00,1.25
2018.05.14 04:03:23.789,1.79558,1.79586,1.00,1.38
2018.05.14 04:03:23.840,1.79558,1.79586,1.00,1.44
2018.05.14 04:03:25.124,1.79558,1.79587,1.44,1.25
2018.05.14 04:03:25.175,1.79562,1.79587,1.00,1.00
2018.05.14 04:03:25.277,1.79566,1.79592,1.00,1.00
2018.05.14 04:03:25.328,1.79566,1.79592,1.37,1.00
2018.05.14 04:03:25.430,1.79566,1.79592,1.50,1.00
2018.05.14 04:03:25.551,1.79566,1.79592,1.87,1.00
2018.05.14 04:03:26.202,1.7957,1.79592,1.00,1.25
2018.05.14 04:03:28.098,1.7957,1.79592,1.00,1.44
2018.05.14 04:03:28.509,1.7957,1.79592,1.00,1.38
2018.05.14 04:03:29.417,1.7957,1.79592,1.00,1.38
2018.05.14 04:03:30.540,1.7957,1.79592,1.00,1.38
2018.05.14 04:03:31.709,1.7957,1.79592,1.00,1.44
2018.05.14 04:03:32.332,1.7957,1.79592,1.00,1.38
2018.05.14 04:03:32.486,1.79566,1.79592,1.50,1.50
2018.05.14 04:03:32.798,1.79569,1.79592,1.00,1.50
2018.05.14 04:03:33.302,1.79569,1.79592,1.00,1.31
2018.05.14 04:03:34.500,1.79567,1.79592,1.00,1.31
2018.05.14 04:03:35.959,1.79569,1.79592,1.00,1.31
2018.05.14 04:03:40.988,1.79569,1.79592,1.00,1.37
2018.05.14 04:03:41.091,1.79567,1.79592,1.00,1.37
2018.05.14 04:03:41.933,1.79567,1.79591,1.00,1.13
2018.05.14 04:03:47.251,1.79567,1.79592,1.00,1.88
2018.05.14 04:03:47.303,1.79566,1.79591,1.00,1.13
2018.05.14 04:03:48.086,1.79566,1.79592,1.00,1.88
2018.05.14 04:03:49.144,1.79566,1.79591,1.00,1.13
2018.05.14 04:03:51.225,1.79566,1.79592,1.00,1.88
2018.05.14 04:03:51.980,1.79566,1.79591,1.00,1.13
2018.05.14 04:03:52.312,1.79566,1.79592,1.00,1.88
2018.05.14 04:03:57.312,1.79566,1.79591,1.00,1.13
2018.05.14 04:04:00.165,1.79566,1.79593,1.00,1.63
2018.05.14 04:04:00.342,1.79572,1.79597,1.50,1.00
2018.05.14 04:04:00.654,1.79574,1.79598,1.00,1.38
2018.05.14 04:04:01.196,1.79574,1.79598,1.00,1.38
2018.05.14 04:04:01.703,1.79574,1.79597,1.00,1.38
2018.05.14 04:04:05.556,1.79574,1.79597,1.00,1.25
2018.05.14 04:04:07.003,1.79574,1.79598,1.00,1.25
2018.05.14 04:04:07.807,1.79574,1.796,1.00,1.31
2018.05.14 04:04:08.672,1.79574,1.796,1.00,1.81
2018.05.14 04:04:09.249,1.79574,1.796,1.00,1.31
2018.05.14 04:04:10.124,1.79574,1.796,1.00,1.81
2018.05.14 04:04:10.367,1.79571,1.79594,1.00,1.13
2018.05.14 04:04:11.498,1.79569,1.79594,1.00,1.69
2018.05.14 04:04:14.399,1.79571,1.79594,1.00,1.44
2018.05.14 04:04:16.151,1.79571,1.79594,1.00,2.44
2018.05.14 04:04:16.739,1.7957,1.79593,1.00,1.25
2018.05.14 04:04:17.511,1.79572,1.79598,1.00,1.44
2018.05.14 04:04:17.562,1.79572,1.79598,1.37,1.38
2018.05.14 04:04:17.767,1.79572,1.79601,1.00,1.38
2018.05.14 04:04:17.870,1.79572,1.79601,1.00,1.50
2018.05.14 04:04:17.921,1.79572,1.79601,1.31,1.00
2018.05.14 04:04:17.972,1.79576,1.79601,1.00,1.00
2018.05.14 04:04:18.329,1.79577,1.79604,1.50,1.13
2018.05.14 04:04:18.381,1.79581,1.79604,1.37,1.25
2018.05.14 04:04:18.616,1.79576,1.79603,1.00,1.38
2018.05.14 04:04:21.042,1.79576,1.79601,1.00,2.00
2018.05.14 04:04:21.360,1.79572,1.79596,1.00,1.13
2018.05.14 04:04:21.513,1.79572,1.79597,1.00,3.00
2018.05.14 04:04:23.129,1.79572,1.79597,1.00,2.25
2018.05.14 04:04:23.636,1.79572,1.79597,1.00,2.25
2018.05.14 04:04:23.791,1.79572,1.79597,1.00,1.69
2018.05.14 04:04:23.945,1.79572,1.79602,1.25,1.50
2018.05.14 04:04:23.996,1.79577,1.79603,1.37,3.00
2018.05.14 04:04:24.048,1.79577,1.79603,1.37,1.50
2018.05.14 04:04:24.099,1.79577,1.79603,1.87,2.63
2018.05.14 04:04:24.395,1.79577,1.79603,1.50,2.63
2018.05.14 04:04:24.946,1.79577,1.79603,1.50,1.88
2018.05.14 04:04:25.513,1.79577,1.79603,1.50,1.88
2018.05.14 04:04:26.483,1.79577,1.79602,1.00,1.38
2018.05.14 04:04:26.859,1.79577,1.79599,1.00,1.88
2018.05.14 04:04:27.181,1.79577,1.79593,1.00,1.00
2018.05.14 04:04:27.689,1.79577,1.79594,1.00,1.00
2018.05.14 04:04:28.240,1.79577,1.79593,1.00,1.00
2018.05.14 04:04:29.193,1.79577,1.79594,1.00,1.00
2018.05.14 04:04:29.693,1.79577,1.79592,1.00,1.00
2018.05.14 04:04:30.195,1.79577,1.79594,1.00,1.00
2018.05.14 04:04:30.247,1.79572,1.79594,1.00,1.00
2018.05.14 04:04:30.400,1.79572,1.79603,1.00,3.75
2018.05.14 04:04:31.080,1.79571,1.79603,2.06,3.00
2018.05.14 04:04:31.772,1.79571,1.79602,1.50,1.44
2018.05.14 04:04:32.274,1.79572,1.79602,1.00,1.44
2018.05.14 04:04:34.244,1.79572,1.79602,1.00,1.38
2018.05.14 04:04:34.346,1.79572,1.79602,1.00,1.25
2018.05.14 04:04:34.624,1.79572,1.79602,1.00,1.44
2018.05.14 04:04:34.897,1.79572,1.79602,1.00,1.25
2018.05.14 04:04:35.702,1.79572,1.79602,1.00,1.38
2018.05.14 04:04:36.095,1.79576,1.79604,1.00,1.38
2018.05.14 04:04:37.862,1.79576,1.79606,1.00,1.38
2018.05.14 04:04:38.008,1.79577,1.79607,1.00,1.44
2018.05.14 04:04:38.060,1.79577,1.79607,1.12,1.38
2018.05.14 04:04:38.866,1.79577,1.79607,1.00,1.38
2018.05.14 04:04:43.417,1.79577,1.79607,1.00,1.44
2018.05.14 04:04:43.723,1.79581,1.7961,1.00,1.00
2018.05.14 04:04:44.789,1.79582,1.79611,1.12,1.88
2018.05.14 04:04:45.147,1.79582,1.79604,1.00,1.00
2018.05.14 04:04:45.403,1.79578,1.79605,1.50,1.00
2018.05.14 04:04:45.760,1.79578,1.79608,1.50,1.44
2018.05.14 04:04:47.467,1.79578,1.79609,1.50,1.38
2018.05.14 04:04:47.620,1.79578,1.79608,1.00,1.44
2018.05.14 04:04:47.773,1.79578,1.79608,1.00,1.38
2018.05.14 04:04:48.353,1.79578,1.79608,1.00,1.38
2018.05.14 04:04:48.869,1.79578,1.79608,1.00,1.88
2018.05.14 04:04:49.391,1.79578,1.79608,1.00,1.38
2018.05.14 04:04:49.966,1.79578,1.79608,1.00,1.38
2018.05.14 04:04:50.919,1.79578,1.79608,1.00,1.88
2018.05.14 04:04:51.263,1.79578,1.79604,1.00,1.00
2018.05.14 04:04:52.114,1.79578,1.79605,1.00,1.00
2018.05.14 04:04:53.465,1.79578,1.79604,1.00,1.00
2018.05.14 04:04:53.627,1.79578,1.79606,1.00,1.13
2018.05.14 04:04:54.164,1.79578,1.79605,1.00,1.00
2018.05.14 04:04:56.028,1.79578,1.79604,1.87,1.00
2018.05.14 04:04:56.131,1.79578,1.7961,1.37,1.38
2018.05.14 04:04:56.646,1.79578,1.7961,1.37,2.63
2018.05.14 04:04:57.306,1.79578,1.7961,1.37,1.38
2018.05.14 04:04:58.231,1.79578,1.7961,1.37,2.63
2018.05.14 04:04:58.789,1.79578,1.7961,1.12,2.63
2018.05.14 04:04:59.015,1.79578,1.7961,1.00,3.00
2018.05.14 04:04:59.521,1.79577,1.79609,2.25,1.75
2018.05.14 04:05:00.050,1.79577,1.79609,3.00,1.94
2018.05.14 04:05:00.101,1.79577,1.79609,3.00,1.94
2018.05.14 04:05:00.702,1.79577,1.79608,2.25,1.13
2018.05.14 04:05:00.849,1.79577,1.79609,1.50,1.88
2018.05.14 04:05:01.077,1.79577,1.79608,2.25,1.13
2018.05.14 04:05:01.229,1.79577,1.79609,1.50,1.13
2018.05.14 04:05:01.410,1.79577,1.79608,2.25,1.13
2018.05.14 04:05:01.931,1.79577,1.7961,1.50,2.25
2018.05.14 04:05:02.530,1.79577,1.79608,3.00,1.50
2018.05.14 04:05:02.710,1.79577,1.79608,2.25,1.44
2018.05.14 04:05:03.226,1.79577,1.79609,3.00,1.75
2018.05.14 04:05:03.650,1.79577,1.79609,2.25,1.50
2018.05.14 04:05:03.911,1.79577,1.7961,2.25,1.94
2018.05.14 04:05:04.218,1.79574,1.79603,1.00,1.00
2018.05.14 04:05:04.270,1.79574,1.79603,1.00,1.75
2018.05.14 04:05:04.482,1.79563,1.79592,1.00,1.13
2018.05.14 04:05:04.585,1.7956,1.7959,1.00,1.25
2018.05.14 04:05:04.688,1.7956,1.7959,1.00,1.62
2018.05.14 04:05:04.799,1.79558,1.7959,1.00,1.62
2018.05.14 04:05:04.850,1.79558,1.79591,1.00,2.25
2018.05.14 04:05:05.033,1.79562,1.79591,1.00,2.25
2018.05.14 04:05:05.588,1.79562,1.79588,1.00,1.38
2018.05.14 04:05:06.815,1.79556,1.79588,2.81,1.38
2018.05.14 04:05:07.045,1.79561,1.79588,1.00,1.38
2018.05.14 04:05:08.124,1.79561,1.79588,1.00,1.25
2018.05.14 04:05:12.012,1.79556,1.79588,2.25,1.00
2018.05.14 04:05:12.573,1.79557,1.79588,1.37,1.00
2018.05.14 04:05:13.075,1.79557,1.79588,1.75,1.00
2018.05.14 04:05:13.931,1.79557,1.79588,1.62,1.00
2018.05.14 04:05:14.554,1.79557,1.79588,1.75,1.00
2018.05.14 04:05:17.243,1.79557,1.79588,1.81,1.00
2018.05.14 04:05:17.853,1.79557,1.79588,1.75,1.00
2018.05.14 04:05:19.223,1.79558,1.79588,1.00,1.00
2018.05.14 04:05:19.596,1.79559,1.7959,1.00,1.25
2018.05.14 04:05:20.261,1.79558,1.79587,1.00,1.00
2018.05.14 04:05:21.027,1.79559,1.79587,1.00,1.00
2018.05.14 04:05:21.593,1.79558,1.79587,1.00,1.00
2018.05.14 04:05:23.835,1.79557,1.79587,1.75,1.00
2018.05.14 04:05:24.400,1.79557,1.79587,1.63,1.00
2018.05.14 04:05:25.176,1.79557,1.79587,1.81,1.00
2018.05.14 04:05:25.681,1.79557,1.79587,1.63,1.00
2018.05.14 04:05:26.241,1.79557,1.79587,1.81,1.00
2018.05.14 04:05:26.754,1.79557,1.79587,1.63,1.00
2018.05.14 04:05:27.556,1.79557,1.79587,1.81,1.00
2018.05.14 04:05:28.195,1.79561,1.79587,1.00,1.00
2018.05.14 04:05:35.406,1.79561,1.79587,1.00,1.62
2018.05.14 04:05:35.508,1.79557,1.79587,1.12,1.81
2018.05.14 04:05:36.062,1.79557,1.79585,1.00,1.37
2018.05.14 04:05:36.592,1.79557,1.79585,1.00,1.37
2018.05.14 04:05:36.798,1.79552,1.79585,1.50,1.75
2018.05.14 04:05:36.902,1.79548,1.79577,1.25,1.75
2018.05.14 04:05:36.954,1.79547,1.79571,1.00,1.75
2018.05.14 04:05:37.006,1.79541,1.79571,1.00,2.06
2018.05.14 04:05:37.214,1.79542,1.79565,1.00,1.00
2018.05.14 04:05:38.109,1.79541,1.79565,1.00,1.00
2018.05.14 04:05:39.893,1.79542,1.79565,1.00,1.25
2018.05.14 04:05:40.303,1.79542,1.79567,1.00,1.00
2018.05.14 04:05:41.065,1.79542,1.79565,1.00,1.00
2018.05.14 04:05:48.094,1.79541,1.79565,1.00,1.00
2018.05.14 04:05:53.698,1.79541,1.79567,1.00,1.00
2018.05.14 04:06:00.070,1.79538,1.79567,1.50,1.00
2018.05.14 04:06:00.121,1.79547,1.79567,1.12,1.00
2018.05.14 04:06:00.275,1.79552,1.79576,1.12,1.50
2018.05.14 04:06:00.327,1.79552,1.79576,1.37,1.00
2018.05.14 04:06:00.430,1.79552,1.79576,1.00,1.00
2018.05.14 04:06:01.305,1.79552,1.79579,1.00,1.38
2018.05.14 04:06:02.098,1.79552,1.79579,1.00,1.38
2018.05.14 04:06:03.492,1.79552,1.79579,1.00,1.38
2018.05.14 04:06:04.053,1.79552,1.79579,1.00,1.38
2018.05.14 04:06:04.656,1.79552,1.79579,1.00,1.38
2018.05.14 04:06:04.776,1.79552,1.79579,1.00,1.38
2018.05.14 04:06:05.326,1.79552,1.79579,1.00,1.38
2018.05.14 04:06:06.120,1.79552,1.79579,1.00,1.44
2018.05.14 04:06:08.144,1.79552,1.79579,1.00,1.38
2018.05.14 04:06:08.685,1.79552,1.79579,1.00,1.38
2018.05.14 04:06:08.737,1.79552,1.79572,1.00,1.00
2018.05.14 04:06:08.788,1.79547,1.79571,1.00,1.44
2018.05.14 04:06:08.891,1.79546,1.79571,1.00,2.06
2018.05.14 04:06:09.097,1.79546,1.79571,1.00,1.50
2018.05.14 04:06:09.724,1.79546,1.79571,1.00,1.88
2018.05.14 04:06:09.881,1.79546,1.79571,1.37,1.88
2018.05.14 04:06:10.821,1.79546,1.79571,1.00,1.88
2018.05.14 04:06:11.737,1.79546,1.79571,1.00,1.81
2018.05.14 04:06:12.423,1.79546,1.79571,1.00,1.81
2018.05.14 04:06:25.670,1.79547,1.79571,1.00,1.63
2018.05.14 04:06:25.722,1.79546,1.79571,1.37,1.00
2018.05.14 04:06:25.773,1.79547,1.79573,1.37,1.00
2018.05.14 04:06:25.973,1.79552,1.79577,1.37,1.25
2018.05.14 04:06:26.025,1.79552,1.79577,1.00,1.00
2018.05.14 04:06:26.392,1.79552,1.79581,1.00,1.25
2018.05.14 04:06:26.597,1.79552,1.79581,1.00,1.38
2018.05.14 04:06:29.102,1.79552,1.79582,1.50,1.38
2018.05.14 04:06:29.657,1.79552,1.79583,1.00,1.75
2018.05.14 04:06:29.816,1.79557,1.79587,1.00,1.75
2018.05.14 04:06:31.230,1.79557,1.79588,1.00,2.44
2018.05.14 04:06:31.966,1.79558,1.79589,1.00,1.94
2018.05.14 04:06:32.373,1.79561,1.79589,1.00,1.94
2018.05.14 04:06:32.787,1.79561,1.79589,1.00,1.75
2018.05.14 04:06:32.889,1.79563,1.79589,1.00,1.75
2018.05.14 04:06:33.195,1.79565,1.79589,1.00,1.94
2018.05.14 04:06:36.460,1.79561,1.79589,1.00,1.69
2018.05.14 04:06:37.225,1.79561,1.79589,1.00,2.25
2018.05.14 04:06:37.561,1.79562,1.7959,1.00,2.81
2018.05.14 04:06:38.356,1.79562,1.79589,1.00,1.31
2018.05.14 04:06:38.509,1.79564,1.79589,1.00,1.31
2018.05.14 04:06:40.206,1.79564,1.7959,1.00,2.25
2018.05.14 04:06:46.018,1.79564,1.7959,1.00,2.25
2018.05.14 04:06:46.555,1.79563,1.7959,1.00,1.56
2018.05.14 04:06:47.054,1.79561,1.7959,1.50,1.31
2018.05.14 04:06:47.624,1.79561,1.7959,1.50,1.75
2018.05.14 04:06:48.285,1.79561,1.79591,1.50,2.25
2018.05.14 04:06:51.760,1.79562,1.7959,1.00,1.50
2018.05.14 04:06:52.870,1.79561,1.7959,1.50,1.44
2018.05.14 04:06:53.588,1.79561,1.7959,1.00,1.75
2018.05.14 04:06:53.691,1.79557,1.79587,1.25,2.25
2018.05.14 04:06:55.619,1.79556,1.79587,1.69,1.69
2018.05.14 04:06:56.602,1.79556,1.79587,1.50,1.94
2018.05.14 04:06:57.378,1.79554,1.79586,1.25,2.00
2018.05.14 04:06:57.589,1.79556,1.79582,1.00,1.00
2018.05.14 04:06:57.903,1.79553,1.79585,3.56,1.94
2018.05.14 04:06:58.714,1.79553,1.79585,3.00,1.81
2018.05.14 04:06:59.026,1.79557,1.79585,1.00,1.50
2018.05.14 04:07:02.229,1.79557,1.79586,1.00,1.81
2018.05.14 04:07:02.465,1.79557,1.79585,1.00,1.19
2018.05.14 04:07:02.749,1.79557,1.79586,1.00,1.75
2018.05.14 04:07:05.735,1.79557,1.79588,1.00,2.25
2018.05.14 04:07:07.565,1.79555,1.79582,1.00,1.31
2018.05.14 04:07:07.773,1.79548,1.79578,1.69,3.00
2018.05.14 04:07:07.875,1.79547,1.79577,1.00,1.13
2018.05.14 04:07:08.003,1.79551,1.7958,1.00,1.75
2018.05.14 04:07:08.104,1.79551,1.79581,1.37,1.25
2018.05.14 04:07:08.206,1.79557,1.79585,1.00,1.50
2018.05.14 04:07:08.257,1.79561,1.79585,1.00,1.00
2018.05.14 04:07:08.564,1.79561,1.79591,1.00,1.88
2018.05.14 04:07:09.609,1.79561,1.79591,1.00,2.25
2018.05.14 04:07:09.775,1.79561,1.7959,1.00,1.13
2018.05.14 04:07:11.620,1.79561,1.79591,1.00,2.25
2018.05.14 04:07:11.952,1.79562,1.79587,1.00,1.38
2018.05.14 04:07:12.055,1.7956,1.79587,1.00,1.13
2018.05.14 04:07:12.107,1.7956,1.79587,1.00,2.25
2018.05.14 04:07:12.262,1.79551,1.79581,1.00,1.13
2018.05.14 04:07:12.314,1.79551,1.79581,1.00,1.13
2018.05.14 04:07:12.733,1.79551,1.79578,1.00,1.44
2018.05.14 04:07:14.715,1.79551,1.79578,1.00,1.00
2018.05.14 04:07:16.056,1.79551,1.79578,1.00,1.44
2018.05.14 04:07:16.710,1.79551,1.79578,1.00,1.25
2018.05.14 04:07:20.162,1.79557,1.79578,1.00,1.00
2018.05.14 04:07:20.213,1.79551,1.79578,1.00,1.00
2018.05.14 04:07:20.265,1.79557,1.79578,1.00,1.00
2018.05.14 04:07:20.367,1.7955,1.79581,1.88,1.00
2018.05.14 04:07:20.419,1.79556,1.79581,1.00,1.00
2018.05.14 04:07:20.726,1.79556,1.79581,1.37,1.00
2018.05.14 04:07:20.890,1.79556,1.79581,1.00,1.00
2018.05.14 04:07:25.245,1.79557,1.79585,1.44,1.00
2018.05.14 04:07:25.299,1.79562,1.79585,1.00,1.00
2018.05.14 04:07:25.608,1.79566,1.79586,1.37,1.00
2018.05.14 04:07:26.388,1.79566,1.79586,1.00,1.00
2018.05.14 04:07:27.060,1.79566,1.79592,1.00,1.50
2018.05.14 04:07:27.540,1.79562,1.79591,1.13,1.25
2018.05.14 04:07:28.579,1.79562,1.79592,1.00,1.88
2018.05.14 04:07:29.312,1.79562,1.79591,1.00,1.38
2018.05.14 04:07:29.364,1.79561,1.7959,1.00,1.38
2018.05.14 04:07:29.893,1.79561,1.7959,1.00,1.38
2018.05.14 04:07:30.407,1.79561,1.7959,1.00,1.38
2018.05.14 04:07:31.253,1.79561,1.7959,1.00,1.75
2018.05.14 04:07:31.406,1.79561,1.79588,1.00,1.00
2018.05.14 04:07:31.457,1.79561,1.7959,1.00,1.75
2018.05.14 04:07:31.980,1.7956,1.79589,1.00,1.75
2018.05.14 04:07:32.083,1.79558,1.79588,1.00,3.19
2018.05.14 04:07:32.626,1.79558,1.79589,1.00,3.94
2018.05.14 04:07:33.953,1.79558,1.79588,1.00,2.25
2018.05.14 04:07:34.112,1.79558,1.79588,1.00,2.25
2018.05.14 04:07:35.692,1.79558,1.79588,1.00,1.13
2018.05.14 04:07:36.240,1.79558,1.79588,1.00,2.25
2018.05.14 04:07:37.560,1.79557,1.79587,1.69,1.50
2018.05.14 04:07:38.627,1.79557,1.79587,1.50,1.31
2018.05.14 04:07:40.175,1.79557,1.79587,1.69,1.63
2018.05.14 04:07:41.236,1.79556,1.79586,1.00,1.56
2018.05.14 04:07:41.544,1.79553,1.79584,1.00,1.75
2018.05.14 04:07:41.596,1.79554,1.79583,1.00,1.38
2018.05.14 04:07:42.184,1.79554,1.79583,1.44,1.38
2018.05.14 04:07:42.389,1.79553,1.79583,1.00,1.38
2018.05.14 04:07:42.916,1.79553,1.79583,1.00,1.38
2018.05.14 04:07:43.132,1.79553,1.79583,1.38,1.38
2018.05.14 04:07:43.645,1.79553,1.79583,1.44,1.38
2018.05.14 04:07:44.153,1.79553,1.79583,1.44,1.38
2018.05.14 04:07:44.440,1.79553,1.79583,1.13,1.38
2018.05.14 04:07:44.542,1.79553,1.79583,1.44,1.38
2018.05.14 04:07:45.155,1.79553,1.79583,1.19,1.38
2018.05.14 04:07:45.661,1.79553,1.79583,1.00,1.50
2018.05.14 04:07:46.267,1.79553,1.79583,1.25,1.38
2018.05.14 04:07:46.770,1.79553,1.79583,1.19,1.38
2018.05.14 04:07:47.083,1.79553,1.79583,1.13,1.50
2018.05.14 04:07:47.348,1.79555,1.79583,1.00,1.38
2018.05.14 04:07:47.501,1.79555,1.79583,1.00,1.25
2018.05.14 04:07:47.654,1.79557,1.79584,1.00,2.06
2018.05.14 04:07:48.317,1.79554,1.79584,1.88,1.38
2018.05.14 04:07:48.844,1.79554,1.79584,1.88,1.88
2018.05.14 04:07:49.431,1.79554,1.79584,1.69,1.38
2018.05.14 04:07:49.968,1.79554,1.79584,1.69,1.88
2018.05.14 04:07:50.492,1.79554,1.79584,2.63,1.38
2018.05.14 04:07:51.118,1.79554,1.79584,2.44,1.38
2018.05.14 04:07:51.647,1.79554,1.79584,1.88,1.38
2018.05.14 04:07:51.953,1.79554,1.79584,1.50,1.38
2018.05.14 04:07:52.062,1.79554,1.79582,1.50,1.38
2018.05.14 04:07:52.370,1.79553,1.79576,1.00,1.50
2018.05.14 04:07:52.927,1.79554,1.79576,1.00,1.38
2018.05.14 04:07:53.245,1.79552,1.79576,1.37,1.50
2018.05.14 04:07:53.297,1.79553,1.79576,1.00,1.50
2018.05.14 04:07:53.815,1.79553,1.79576,1.00,1.38
2018.05.14 04:07:54.361,1.79553,1.79576,1.00,1.38
2018.05.14 04:07:54.891,1.79553,1.79576,1.00,1.50
2018.05.14 04:07:55.595,1.79553,1.79576,1.00,1.38
2018.05.14 04:07:55.892,1.79553,1.79576,1.00,1.38
2018.05.14 04:07:56.416,1.79553,1.79576,1.00,1.38
2018.05.14 04:07:56.932,1.79554,1.79576,1.00,1.38
2018.05.14 04:07:57.560,1.79554,1.79576,1.00,1.69
2018.05.14 04:07:58.104,1.79553,1.79576,1.00,1.38
2018.05.14 04:07:58.712,1.79553,1.79576,1.00,1.50
2018.05.14 04:07:59.375,1.79553,1.79576,1.00,1.63
2018.05.14 04:07:59.638,1.79553,1.79576,1.00,1.94
2018.05.14 04:07:59.741,1.79545,1.79569,1.00,1.31
2018.05.14 04:07:59.844,1.79545,1.79569,1.00,1.69
2018.05.14 04:07:59.975,1.79545,1.79569,1.00,2.62
2018.05.14 04:08:00.414,1.79545,1.7957,1.00,1.81
2018.05.14 04:08:02.761,1.79542,1.79569,1.00,1.31
2018.05.14 04:08:05.618,1.79542,1.79568,1.37,1.00
2018.05.14 04:08:05.670,1.79547,1.79572,1.00,1.00
2018.05.14 04:08:05.785,1.79547,1.79575,1.00,1.44
2018.05.14 04:08:06.335,1.79544,1.79571,1.00,1.31
2018.05.14 04:08:06.642,1.79541,1.79566,1.00,1.37
2018.05.14 04:08:06.796,1.79546,1.7957,1.00,1.00
2018.05.14 04:08:06.847,1.79546,1.79571,1.37,1.00
2018.05.14 04:08:07.071,1.79546,1.79571,1.00,1.00
2018.05.14 04:08:07.624,1.79546,1.79573,1.00,1.44
2018.05.14 04:08:08.284,1.79546,1.79573,1.00,1.25
2018.05.14 04:08:10.754,1.79542,1.79569,1.00,1.31
2018.05.14 04:08:11.061,1.79546,1.79571,1.37,1.38
2018.05.14 04:08:11.141,1.79546,1.79571,1.00,1.38
2018.05.14 04:08:13.589,1.79541,1.79571,1.00,1.00
2018.05.14 04:08:13.640,1.79546,1.79571,1.00,1.75
2018.05.14 04:08:13.743,1.79546,1.79571,1.00,1.38
2018.05.14 04:08:14.049,1.79547,1.79571,1.00,1.38
2018.05.14 04:08:14.267,1.79547,1.79571,1.00,1.38
2018.05.14 04:08:14.371,1.79541,1.79571,1.50,1.38
2018.05.14 04:08:14.636,1.79541,1.79571,1.00,1.69
2018.05.14 04:08:14.688,1.79541,1.79571,1.00,1.56
2018.05.14 04:08:14.739,1.79541,1.79571,1.00,1.69
2018.05.14 04:08:16.002,1.79541,1.79569,1.00,1.38
2018.05.14 04:08:16.611,1.79541,1.79569,1.00,1.38
2018.05.14 04:08:16.920,1.79536,1.79566,1.00,1.75
2018.05.14 04:08:17.235,1.79532,1.7956,1.00,1.38
2018.05.14 04:08:17.339,1.79532,1.7956,1.00,1.50
2018.05.14 04:08:17.390,1.79527,1.7956,2.44,1.38
2018.05.14 04:08:17.493,1.79528,1.7956,1.25,1.50
2018.05.14 04:08:17.825,1.79532,1.7956,1.00,1.50
2018.05.14 04:08:18.374,1.79532,1.7956,1.00,1.38
2018.05.14 04:08:18.695,1.79532,1.7956,1.00,1.50
2018.05.14 04:08:19.026,1.79532,1.7956,1.00,1.12
2018.05.14 04:08:19.207,1.79532,1.7956,1.00,1.38
2018.05.14 04:08:19.536,1.79532,1.7956,1.00,1.50
2018.05.14 04:08:20.852,1.79532,1.7956,1.00,1.50
2018.05.14 04:08:21.426,1.79532,1.79557,1.00,1.50
2018.05.14 04:08:21.763,1.79532,1.79559,1.00,1.75
2018.05.14 04:08:21.976,1.79532,1.79558,1.00,1.75
2018.05.14 04:08:23.425,1.79532,1.79557,1.00,1.00
2018.05.14 04:08:23.528,1.79532,1.79559,1.00,1.75
2018.05.14 04:08:24.406,1.79532,1.79559,1.00,1.38
2018.05.14 04:08:25.190,1.79532,1.79559,1.00,1.50
2018.05.14 04:08:27.288,1.79532,1.79558,1.00,1.38
2018.05.14 04:08:27.898,1.79532,1.79559,1.00,1.38
2018.05.14 04:08:29.036,1.79532,1.79557,1.00,1.38
2018.05.14 04:08:29.552,1.79532,1.79559,1.00,1.38
2018.05.14 04:08:30.153,1.79532,1.79559,1.00,1.38
2018.05.14 04:08:30.706,1.79532,1.79559,1.00,1.38
2018.05.14 04:08:31.227,1.79532,1.79559,1.00,1.38
2018.05.14 04:08:31.329,1.79532,1.79559,1.00,1.38
2018.05.14 04:08:31.861,1.79532,1.79557,1.00,1.44
2018.05.14 04:08:32.399,1.79532,1.79557,1.00,1.44
2018.05.14 04:08:32.928,1.79532,1.79558,1.00,1.38
2018.05.14 04:08:33.725,1.79532,1.79558,1.00,1.38
2018.05.14 04:08:33.929,1.79532,1.79558,1.00,1.13
2018.05.14 04:08:34.144,1.79532,1.79559,1.00,1.38
2018.05.14 04:08:34.606,1.7953,1.79559,2.00,1.44
2018.05.14 04:08:34.658,1.79532,1.79559,1.37,1.25
2018.05.14 04:08:35.205,1.79532,1.79562,1.37,1.88
2018.05.14 04:08:35.257,1.79532,1.79562,1.00,1.88
2018.05.14 04:08:35.731,1.79532,1.79562,1.00,2.25
2018.05.14 04:08:36.334,1.79532,1.79562,1.94,1.37
2018.05.14 04:08:36.387,1.79537,1.79562,1.50,1.88
2018.05.14 04:08:36.439,1.79541,1.79562,1.37,1.00
2018.05.14 04:08:36.491,1.79541,1.79566,1.37,1.44
2018.05.14 04:08:36.644,1.79541,1.79566,1.75,1.00
2018.05.14 04:08:36.747,1.79541,1.79566,1.37,1.00
2018.05.14 04:08:39.992,1.79541,1.79566,1.00,1.00
2018.05.14 04:08:40.743,1.79547,1.79566,1.00,1.00
2018.05.14 04:08:41.303,1.79547,1.79566,1.00,1.19
2018.05.14 04:08:41.581,1.79546,1.79569,1.37,1.00
2018.05.14 04:08:41.684,1.79547,1.79572,1.00,1.13
2018.05.14 04:08:41.950,1.79547,1.79575,1.12,1.13
2018.05.14 04:08:42.664,1.79547,1.79574,1.00,1.38
2018.05.14 04:08:42.869,1.79547,1.79574,1.12,1.56
2018.05.14 04:08:43.384,1.79547,1.79575,1.00,2.06
2018.05.14 04:08:57.940,1.79547,1.79574,1.00,1.31
2018.05.14 04:08:58.485,1.79547,1.79575,1.00,2.25
2018.05.14 04:09:00.255,1.79547,1.79572,1.00,1.31
2018.05.14 04:09:03.705,1.79547,1.79572,1.00,1.13
2018.05.14 04:09:04.323,1.79547,1.79572,1.00,1.19
2018.05.14 04:09:04.874,1.79547,1.79572,1.00,1.44
2018.05.14 04:09:05.413,1.79547,1.79572,1.00,1.56
2018.05.14 04:09:09.080,1.79547,1.79572,1.00,1.13
2018.05.14 04:09:11.152,1.79551,1.79572,1.00,1.38
2018.05.14 04:09:11.381,1.79546,1.79576,1.37,1.88
2018.05.14 04:09:12.151,1.79546,1.79573,1.37,1.38
2018.05.14 04:09:12.654,1.79546,1.79573,1.37,1.38
2018.05.14 04:09:13.192,1.79546,1.79573,1.37,1.44
2018.05.14 04:09:13.751,1.79546,1.79575,1.37,1.38
2018.05.14 04:09:14.386,1.79546,1.79575,1.37,1.19
2018.05.14 04:09:14.734,1.79546,1.79575,1.37,1.38
2018.05.14 04:09:15.788,1.79546,1.79575,1.37,1.19
2018.05.14 04:09:15.941,1.79546,1.79575,1.37,1.38
2018.05.14 04:09:16.722,1.79546,1.79575,1.37,1.38
2018.05.14 04:09:18.043,1.79544,1.79575,1.00,1.94
2018.05.14 04:09:18.607,1.79545,1.79573,1.00,1.63
2018.05.14 04:09:18.760,1.79547,1.79573,1.00,1.63
2018.05.14 04:09:22.959,1.79547,1.79572,1.00,1.38
2018.05.14 04:09:24.364,1.79547,1.79572,1.00,1.44
2018.05.14 04:09:24.910,1.79547,1.79572,1.00,1.44
2018.05.14 04:09:25.700,1.79547,1.79573,1.00,1.38
2018.05.14 04:09:26.403,1.79547,1.79573,1.00,1.38
2018.05.14 04:09:26.955,1.79547,1.79573,1.00,1.38
2018.05.14 04:09:27.335,1.79547,1.79573,1.00,1.38
2018.05.14 04:09:27.436,1.79547,1.79573,1.00,1.38
2018.05.14 04:09:27.538,1.79547,1.79573,1.00,1.38
2018.05.14 04:09:29.167,1.79547,1.79573,1.00,1.38
2018.05.14 04:09:29.218,1.79547,1.79573,1.00,1.44
2018.05.14 04:09:29.418,1.79547,1.79573,1.00,1.38
2018.05.14 04:09:29.613,1.79547,1.79573,1.00,1.38
2018.05.14 04:09:29.812,1.79542,1.79573,1.00,1.38
2018.05.14 04:09:29.863,1.79547,1.79573,1.00,1.44
2018.05.14 04:09:30.399,1.79547,1.79575,1.00,1.50
2018.05.14 04:09:30.734,1.79552,1.79575,1.00,1.38
2018.05.14 04:09:31.251,1.79552,1.79575,1.00,1.38
2018.05.14 04:09:31.303,1.79547,1.79575,1.00,1.38
2018.05.14 04:09:31.354,1.79551,1.79575,1.00,1.50
2018.05.14 04:09:31.599,1.79547,1.79575,1.00,1.50
2018.05.14 04:09:32.343,1.79546,1.79573,1.00,1.38
2018.05.14 04:09:32.719,1.79542,1.79573,1.00,1.38
2018.05.14 04:09:32.770,1.79546,1.79573,1.00,1.38
2018.05.14 04:09:33.344,1.79551,1.79573,1.00,1.38
2018.05.14 04:09:36.404,1.79551,1.79573,1.00,1.38
2018.05.14 04:09:36.506,1.79546,1.79573,1.00,1.38
2018.05.14 04:09:37.124,1.79551,1.79573,1.00,1.38
2018.05.14 04:09:37.227,1.79551,1.79573,1.00,1.38
2018.05.14 04:09:37.847,1.79551,1.79573,1.00,1.38
2018.05.14 04:09:44.443,1.79547,1.79573,1.00,1.38
2018.05.14 04:09:46.328,1.79547,1.79573,1.00,1.44
2018.05.14 04:09:47.538,1.79547,1.79573,1.00,1.25
2018.05.14 04:10:06.168,1.79547,1.79573,1.00,1.44
2018.05.14 04:10:06.753,1.79547,1.79573,1.00,1.38
2018.05.14 04:10:09.291,1.79547,1.79573,1.00,1.38
2018.05.14 04:10:12.590,1.79547,1.79573,1.00,1.38
2018.05.14 04:10:13.258,1.79547,1.79573,1.00,1.38
2018.05.14 04:10:13.791,1.79547,1.79573,1.00,1.38
2018.05.14 04:10:19.673,1.79547,1.79573,1.00,1.38
2018.05.14 04:10:20.702,1.79547,1.79573,1.00,1.38
2018.05.14 04:10:24.439,1.79542,1.79573,1.50,2.06
2018.05.14 04:10:24.593,1.79542,1.79572,1.00,1.88
2018.05.14 04:10:24.954,1.79541,1.79572,1.00,2.44
2018.05.14 04:10:25.429,1.79541,1.79572,1.00,1.44
2018.05.14 04:10:25.480,1.79542,1.79572,1.69,1.44
2018.05.14 04:10:25.786,1.79542,1.79572,2.44,1.38
2018.05.14 04:10:25.837,1.79542,1.79572,1.69,1.38
2018.05.14 04:10:27.641,1.79542,1.79572,1.31,1.38
2018.05.14 04:10:28.339,1.79542,1.79572,1.00,1.38
2018.05.14 04:10:28.392,1.79542,1.79569,1.00,1.50
2018.05.14 04:10:28.444,1.79539,1.79569,1.00,1.88
2018.05.14 04:10:28.496,1.79538,1.79568,2.06,1.62
2018.05.14 04:10:28.599,1.79538,1.79568,2.06,1.44
2018.05.14 04:10:29.633,1.79538,1.79568,2.81,1.25
2018.05.14 04:10:30.462,1.7954,1.79571,1.00,1.63
2018.05.14 04:10:31.840,1.7954,1.79571,1.25,1.63
2018.05.14 04:10:32.512,1.7954,1.79571,1.00,1.63
2018.05.14 04:10:33.073,1.7954,1.79571,1.25,1.63
2018.05.14 04:10:34.583,1.7954,1.79571,1.25,2.00
2018.05.14 04:10:35.094,1.79538,1.79569,2.06,1.88
2018.05.14 04:10:35.458,1.79538,1.79569,2.81,1.50
2018.05.14 04:10:35.560,1.79538,1.79569,2.06,1.38
2018.05.14 04:10:35.611,1.79538,1.79569,2.81,1.50
2018.05.14 04:10:35.663,1.79536,1.79568,4.87,1.38
2018.05.14 04:10:36.413,1.79536,1.79567,2.06,1.56
2018.05.14 04:10:36.572,1.79536,1.79567,1.25,1.56
2018.05.14 04:10:37.180,1.79537,1.79567,1.00,1.56
2018.05.14 04:10:37.480,1.79538,1.79568,1.00,1.44
2018.05.14 04:10:37.685,1.79537,1.79568,3.94,1.38
2018.05.14 04:10:38.292,1.79537,1.79568,2.44,1.38
2018.05.14 04:10:38.497,1.79537,1.79568,1.50,1.38
2018.05.14 04:10:38.723,1.79537,1.79568,1.69,1.38
2018.05.14 04:10:38.856,1.79537,1.79568,1.00,1.38
2018.05.14 04:10:39.105,1.79537,1.79568,2.44,1.38
2018.05.14 04:10:39.257,1.79537,1.79568,1.50,1.38
2018.05.14 04:10:39.486,1.79537,1.79568,2.44,1.38
2018.05.14 04:10:39.650,1.79537,1.79568,1.50,1.38
2018.05.14 04:10:39.796,1.79537,1.79568,2.44,1.38
2018.05.14 04:10:40.051,1.79537,1.79568,1.50,1.38
2018.05.14 04:10:40.188,1.79537,1.79568,2.44,1.38
2018.05.14 04:10:40.701,1.79537,1.79568,1.50,1.38
2018.05.14 04:10:41.253,1.79537,1.79568,1.25,1.38
2018.05.14 04:10:41.814,1.79537,1.79568,1.00,1.38
2018.05.14 04:10:42.464,1.79537,1.79568,1.50,1.19
2018.05.14 04:10:43.783,1.79537,1.79568,1.69,1.38
2018.05.14 04:10:44.621,1.79537,1.79568,1.00,1.38
2018.05.14 04:10:46.791,1.79537,1.79568,1.50,1.38
2018.05.14 04:10:47.558,1.79539,1.79568,1.00,1.38
2018.05.14 04:10:48.063,1.79538,1.79568,1.00,1.38
2018.05.14 04:10:48.619,1.79538,1.79568,1.00,1.38
2018.05.14 04:10:49.129,1.79538,1.79568,1.00,1.38
2018.05.14 04:10:49.632,1.79539,1.79568,1.00,1.38
2018.05.14 04:10:49.734,1.79539,1.79568,1.00,1.38
2018.05.14 04:10:50.284,1.79539,1.79568,1.00,1.38
2018.05.14 04:10:50.851,1.79539,1.79568,1.00,1.38
2018.05.14 04:10:52.099,1.79539,1.79568,1.00,1.38
2018.05.14 04:10:52.606,1.79539,1.79568,1.00,1.38
2018.05.14 04:10:53.918,1.79539,1.79568,2.06,1.19
2018.05.14 04:10:54.200,1.79539,1.7957,1.12,1.44
2018.05.14 04:10:54.358,1.79543,1.7957,1.00,1.38
2018.05.14 04:10:54.942,1.79543,1.7957,1.12,1.44
2018.05.14 04:10:55.455,1.79543,1.79572,1.37,1.38
2018.05.14 04:10:57.844,1.79544,1.79572,1.00,1.38
2018.05.14 04:10:58.391,1.79544,1.79572,1.12,1.38
2018.05.14 04:10:58.741,1.79542,1.79573,1.00,1.88
2018.05.14 04:10:59.247,1.79541,1.79572,1.12,1.38
2018.05.14 04:10:59.937,1.79541,1.79572,1.37,1.38
2018.05.14 04:11:00.699,1.79541,1.79572,1.37,1.38
2018.05.14 04:11:01.256,1.79541,1.79572,1.37,1.38
2018.05.14 04:11:01.666,1.79538,1.7957,3.38,1.38
2018.05.14 04:11:01.875,1.79539,1.7957,1.00,1.13
2018.05.14 04:11:02.079,1.79538,1.7957,1.00,1.44
2018.05.14 04:11:02.621,1.79539,1.79572,1.50,1.38
2018.05.14 04:11:03.012,1.79538,1.79569,2.44,1.38
2018.05.14 04:11:03.217,1.79538,1.79569,1.00,1.94
2018.05.14 04:11:03.726,1.79537,1.79568,1.50,1.50
2018.05.14 04:11:03.882,1.79537,1.79568,1.50,1.75
2018.05.14 04:11:04.085,1.79537,1.79568,2.25,1.50
2018.05.14 04:11:04.136,1.79537,1.79568,2.25,1.75
2018.05.14 04:11:04.289,1.79537,1.79568,2.25,1.50
2018.05.14 04:11:04.825,1.79537,1.79568,2.25,1.81
2018.05.14 04:11:05.133,1.79538,1.79568,1.00,1.25
2018.05.14 04:11:05.702,1.79539,1.7957,1.00,1.94
2018.05.14 04:11:06.850,1.79541,1.7957,1.00,1.19
2018.05.14 04:11:07.317,1.79542,1.7957,1.37,1.44
2018.05.14 04:11:07.419,1.7954,1.7957,1.00,1.25
2018.05.14 04:11:07.942,1.79539,1.7957,1.25,1.62
2018.05.14 04:11:08.044,1.79539,1.7957,1.25,1.25
2018.05.14 04:11:09.445,1.7954,1.7957,1.25,1.44
2018.05.14 04:11:09.978,1.7954,1.7957,1.25,1.44
2018.05.14 04:11:10.241,1.79539,1.7957,1.25,1.25
2018.05.14 04:11:10.481,1.7954,1.7957,1.25,1.44
2018.05.14 04:11:11.008,1.7954,1.7957,1.25,1.44
2018.05.14 04:11:12.714,1.79539,1.7957,1.25,1.25
2018.05.14 04:11:13.418,1.7954,1.7957,1.25,1.44
2018.05.14 04:11:14.075,1.79539,1.7957,1.25,1.25
2018.05.14 04:11:14.617,1.7954,1.7957,1.25,1.44
2018.05.14 04:11:15.160,1.79539,1.7957,1.25,1.00
2018.05.14 04:11:15.773,1.7954,1.7957,1.25,1.25
2018.05.14 04:11:16.358,1.79539,1.7957,1.25,1.00
2018.05.14 04:11:16.713,1.7954,1.7957,1.63,1.25
2018.05.14 04:11:17.459,1.79539,1.7957,1.63,1.00
2018.05.14 04:11:18.108,1.7954,1.7957,1.63,1.25
2018.05.14 04:11:18.470,1.7954,1.7957,1.63,1.38
2018.05.14 04:11:18.522,1.7954,1.7957,1.31,1.44
2018.05.14 04:11:18.725,1.79539,1.7957,1.31,1.25
2018.05.14 04:11:18.930,1.7954,1.7957,1.31,1.44
2018.05.14 04:11:19.082,1.79539,1.7957,1.25,1.25
2018.05.14 04:11:19.288,1.7954,1.7957,1.25,1.44
2018.05.14 04:11:19.621,1.79539,1.7957,1.25,1.13
2018.05.14 04:11:20.307,1.7954,1.7957,1.25,1.38
2018.05.14 04:11:24.081,1.79541,1.7957,1.00,1.56
2018.05.14 04:11:25.565,1.7954,1.7957,2.25,1.56
2018.05.14 04:11:27.558,1.79541,1.7957,1.00,1.56
2018.05.14 04:11:28.061,1.79541,1.7957,1.00,1.63
2018.05.14 04:11:31.393,1.79541,1.7957,1.00,1.63
2018.05.14 04:11:31.908,1.79541,1.7957,1.00,1.44
2018.05.14 04:11:32.456,1.79541,1.7957,1.00,1.56
2018.05.14 04:11:33.003,1.79541,1.7957,1.00,1.63
2018.05.14 04:11:33.628,1.79541,1.7957,1.00,1.56
2018.05.14 04:11:34.138,1.79541,1.7957,1.00,1.37
2018.05.14 04:11:34.741,1.79544,1.7957,1.00,1.12
2018.05.14 04:11:35.066,1.79546,1.79574,1.00,1.75
2018.05.14 04:11:35.491,1.79549,1.79574,1.00,1.50
2018.05.14 04:11:35.843,1.79549,1.79574,1.00,1.75
2018.05.14 04:11:36.574,1.79549,1.79574,1.00,1.75
2018.05.14 04:11:37.687,1.79549,1.79574,1.00,1.50
2018.05.14 04:11:39.854,1.79549,1.79574,1.00,1.75
2018.05.14 04:11:40.341,1.7955,1.79578,1.00,1.88
2018.05.14 04:11:40.862,1.79549,1.79578,1.00,1.38
2018.05.14 04:11:41.447,1.79549,1.79578,1.00,1.63
2018.05.14 04:11:42.050,1.79549,1.79578,1.00,1.63
2018.05.14 04:11:42.161,1.79549,1.79578,1.00,1.38
2018.05.14 04:11:42.659,1.79551,1.79582,1.00,1.38
2018.05.14 04:11:42.710,1.79555,1.79583,1.00,2.06
2018.05.14 04:11:43.215,1.79556,1.79583,1.00,1.63
2018.05.14 04:11:43.734,1.79556,1.79583,1.00,1.50
2018.05.14 04:11:44.324,1.79556,1.79583,1.00,1.38
2018.05.14 04:11:44.440,1.79556,1.79583,1.00,1.19
2018.05.14 04:11:44.543,1.79556,1.79583,1.00,1.19
2018.05.14 04:11:44.669,1.79561,1.79584,1.00,1.38
2018.05.14 04:11:44.978,1.7956,1.79579,1.00,1.44
2018.05.14 04:11:45.182,1.7956,1.79583,1.12,2.25
2018.05.14 04:11:45.335,1.7956,1.79585,1.12,1.75
2018.05.14 04:11:45.439,1.7956,1.79587,1.00,1.75
2018.05.14 04:11:45.490,1.79561,1.79587,1.37,1.75
2018.05.14 04:11:45.695,1.79561,1.79587,1.00,1.38
2018.05.14 04:11:46.264,1.79561,1.79587,1.00,1.38
2018.05.14 04:11:46.694,1.79561,1.79587,1.00,1.38
2018.05.14 04:11:46.804,1.79561,1.79587,1.00,1.38
2018.05.14 04:11:46.907,1.79558,1.79587,1.00,1.38
2018.05.14 04:11:47.505,1.79559,1.79587,1.00,1.38
2018.05.14 04:11:48.785,1.79559,1.79587,1.00,1.38
2018.05.14 04:11:49.208,1.79559,1.79587,1.00,1.38
2018.05.14 04:11:49.688,1.79559,1.79587,1.00,1.38
2018.05.14 04:11:50.232,1.79559,1.79587,1.00,1.38
2018.05.14 04:11:50.810,1.79559,1.79587,1.00,1.38
2018.05.14 04:11:51.195,1.79559,1.79587,1.00,1.38
2018.05.14 04:11:51.732,1.79559,1.79589,1.00,1.38
2018.05.14 04:11:51.884,1.79559,1.79591,1.00,1.13
2018.05.14 04:11:52.248,1.79559,1.79591,1.00,1.13
2018.05.14 04:11:52.515,1.79559,1.79591,1.00,1.13
2018.05.14 04:11:52.566,1.79559,1.79591,1.00,1.13
2018.05.14 04:11:53.103,1.79559,1.79591,1.00,1.13
2018.05.14 04:11:53.830,1.79559,1.79592,1.00,3.00
2018.05.14 04:11:53.881,1.79559,1.79592,1.00,3.00
2018.05.14 04:11:54.441,1.79559,1.79592,1.00,3.00
2018.05.14 04:11:55.009,1.79559,1.79592,1.00,3.00
2018.05.14 04:11:55.365,1.79562,1.7959,1.00,1.50
2018.05.14 04:11:56.149,1.79562,1.7959,1.00,1.38
2018.05.14 04:11:56.200,1.79562,1.79591,1.00,1.38
2018.05.14 04:11:56.595,1.79562,1.79592,1.00,1.88
2018.05.14 04:11:56.647,1.79562,1.79592,1.00,1.88
2018.05.14 04:11:56.698,1.79564,1.79593,1.00,1.75
2018.05.14 04:11:56.750,1.79566,1.79595,1.00,1.88
2018.05.14 04:11:57.088,1.79569,1.79598,1.00,1.50
2018.05.14 04:11:57.435,1.79566,1.79593,1.00,1.75
2018.05.14 04:11:57.486,1.79564,1.79592,1.00,1.38
2018.05.14 04:11:57.588,1.79564,1.79592,1.00,1.75
2018.05.14 04:11:57.795,1.79564,1.79593,1.00,2.63
2018.05.14 04:11:58.440,1.79564,1.79592,1.00,1.38
2018.05.14 04:11:59.161,1.79564,1.79592,1.00,1.88
2018.05.14 04:11:59.212,1.79564,1.79592,1.00,1.38
2018.05.14 04:11:59.412,1.79564,1.79592,1.00,1.38
2018.05.14 04:11:59.515,1.79564,1.79593,1.00,2.25
2018.05.14 04:12:00.057,1.79564,1.79592,1.00,1.38
2018.05.14 04:12:00.315,1.79564,1.79593,1.00,2.06
2018.05.14 04:12:00.477,1.79564,1.79592,1.00,1.38
2018.05.14 04:12:00.686,1.79564,1.79593,1.00,2.06
2018.05.14 04:12:00.953,1.79564,1.79592,1.00,1.38
2018.05.14 04:12:01.087,1.79564,1.79593,1.00,2.06
2018.05.14 04:12:01.697,1.79564,1.79592,1.00,1.88
2018.05.14 04:12:02.525,1.79564,1.79592,1.00,1.38
2018.05.14 04:12:02.960,1.79566,1.79592,1.00,1.38
2018.05.14 04:12:04.265,1.79566,1.79592,1.00,2.06
2018.05.14 04:12:05.089,1.79566,1.79593,1.00,2.25
2018.05.14 04:12:05.391,1.79563,1.79593,1.00,2.25
2018.05.14 04:12:05.800,1.79563,1.79595,1.00,1.38
2018.05.14 04:12:05.859,1.79567,1.79595,1.00,1.38
2018.05.14 04:12:06.484,1.79567,1.79595,1.00,1.88
2018.05.14 04:12:06.654,1.79567,1.79597,1.00,1.38
2018.05.14 04:12:06.791,1.79568,1.79598,1.37,1.88
2018.05.14 04:12:07.165,1.79568,1.79598,1.00,1.88
2018.05.14 04:12:07.675,1.79568,1.79598,1.00,1.38
2018.05.14 04:12:07.930,1.79568,1.79597,1.00,1.13
2018.05.14 04:12:08.033,1.79568,1.79598,1.00,1.50
2018.05.14 04:12:08.084,1.7957,1.79598,1.00,1.38
2018.05.14 04:12:08.638,1.7957,1.79598,1.00,1.50
2018.05.14 04:12:08.690,1.7957,1.79598,1.00,1.38
2018.05.14 04:12:08.945,1.7957,1.79598,1.00,1.50
2018.05.14 04:12:09.439,1.7957,1.79598,1.00,1.88
2018.05.14 04:12:09.747,1.79564,1.79594,1.00,2.81
2018.05.14 04:12:09.850,1.79567,1.79594,1.00,2.44
2018.05.14 04:12:09.901,1.79567,1.79593,1.00,1.38
2018.05.14 04:12:10.004,1.79569,1.79593,1.00,1.38
2018.05.14 04:12:12.159,1.79569,1.79593,1.00,1.38
2018.05.14 04:12:12.844,1.79569,1.79593,1.00,1.38
2018.05.14 04:12:14.004,1.7957,1.79593,1.00,1.38
2018.05.14 04:12:16.068,1.7957,1.79593,1.00,1.38
2018.05.14 04:12:18.269,1.7957,1.79593,1.00,1.38
2018.05.14 04:12:20.335,1.7957,1.79593,1.00,1.38
2018.05.14 04:12:20.919,1.7957,1.79593,1.00,1.38
2018.05.14 04:12:21.839,1.7957,1.79593,1.00,1.38
2018.05.14 04:12:23.452,1.7957,1.79593,1.00,1.38
2018.05.14 04:12:23.504,1.7957,1.79593,1.00,1.00
2018.05.14 04:12:23.607,1.79572,1.79593,1.00,1.13
2018.05.14 04:12:24.091,1.79572,1.79593,1.00,1.44
2018.05.14 04:12:24.624,1.79572,1.79593,1.00,1.38
2018.05.14 04:12:25.137,1.79572,1.79593,1.00,1.25
2018.05.14 04:12:25.660,1.79572,1.79593,1.00,1.19
2018.05.14 04:12:25.974,1.79569,1.79593,1.00,1.25
2018.05.14 04:12:26.821,1.79569,1.79593,1.00,1.38
2018.05.14 04:12:27.233,1.79572,1.79593,1.00,1.38
2018.05.14 04:12:27.753,1.79572,1.79593,1.00,1.25
2018.05.14 04:12:27.948,1.79572,1.79593,1.00,1.44
2018.05.14 04:12:28.000,1.79569,1.79593,1.00,1.19
2018.05.14 04:12:28.693,1.79569,1.79593,1.00,1.44
2018.05.14 04:12:29.270,1.79569,1.79593,1.00,1.44
2018.05.14 04:12:29.874,1.79569,1.79593,1.00,1.25
2018.05.14 04:12:30.533,1.79569,1.79593,1.00,1.38
2018.05.14 04:12:31.961,1.79569,1.79594,1.00,1.25
2018.05.14 04:12:35.267,1.79571,1.79594,1.00,1.13
2018.05.14 04:12:36.472,1.79571,1.79599,1.00,2.44
2018.05.14 04:12:37.044,1.79571,1.79599,1.00,2.44
2018.05.14 04:12:37.743,1.79571,1.79599,1.00,2.44
2018.05.14 04:12:37.998,1.79571,1.79599,1.00,2.44
2018.05.14 04:12:38.944,1.79571,1.79599,1.00,2.25
2018.05.14 04:12:39.863,1.79571,1.79599,1.00,2.25
2018.05.14 04:12:41.056,1.79571,1.79599,1.00,2.25
2018.05.14 04:12:41.563,1.79571,1.79602,1.00,3.75
2018.05.14 04:12:41.686,1.79574,1.79602,1.00,2.81
2018.05.14 04:12:42.200,1.79575,1.796,1.00,1.38
2018.05.14 04:12:42.619,1.79575,1.796,1.00,1.38
2018.05.14 04:12:42.721,1.79575,1.79601,1.00,1.38
2018.05.14 04:12:42.924,1.79575,1.796,1.00,1.38
2018.05.14 04:12:42.975,1.79573,1.796,1.00,1.38
2018.05.14 04:12:43.896,1.79573,1.796,1.00,1.38
2018.05.14 04:12:44.415,1.79573,1.796,1.00,1.38
2018.05.14 04:12:44.933,1.79573,1.79601,1.00,1.38
2018.05.14 04:12:44.984,1.79575,1.79601,1.00,1.38
2018.05.14 04:12:45.809,1.79574,1.796,1.00,1.38
2018.05.14 04:12:46.377,1.79576,1.796,1.00,1.38
2018.05.14 04:12:47.138,1.79576,1.79598,1.00,1.38
2018.05.14 04:12:47.889,1.79576,1.79598,1.00,1.88
2018.05.14 04:12:48.030,1.79579,1.79602,1.00,1.00
2018.05.14 04:12:48.082,1.79582,1.79605,1.00,1.31
2018.05.14 04:12:48.388,1.79584,1.79604,1.37,1.00
2018.05.14 04:12:48.901,1.79584,1.79604,1.00,1.00
2018.05.14 04:12:49.004,1.79584,1.79607,1.00,1.31
2018.05.14 04:12:49.685,1.79584,1.79607,1.00,2.25
2018.05.14 04:12:50.342,1.79584,1.79607,1.00,1.50
2018.05.14 04:12:51.116,1.79584,1.79607,1.00,2.06
2018.05.14 04:12:51.660,1.79584,1.79607,1.00,1.50
2018.05.14 04:12:52.189,1.7958,1.79603,1.00,1.38
2018.05.14 04:12:52.747,1.7958,1.79603,1.00,1.38
2018.05.14 04:12:53.344,1.7958,1.79603,1.00,1.44
2018.05.14 04:12:53.978,1.7958,1.79603,1.00,1.38
2018.05.14 04:12:54.459,1.7958,1.79603,1.00,1.38
2018.05.14 04:12:55.111,1.7958,1.79603,1.00,1.38
2018.05.14 04:12:55.452,1.79577,1.79603,1.00,2.06
2018.05.14 04:12:56.085,1.79577,1.79602,1.00,1.13
2018.05.14 04:12:56.594,1.79577,1.79603,1.00,2.19
2018.05.14 04:12:57.535,1.79577,1.79603,1.00,1.94
2018.05.14 04:12:58.291,1.79577,1.79603,1.00,1.13
2018.05.14 04:12:58.894,1.79577,1.79602,1.00,1.13
2018.05.14 04:12:59.782,1.79577,1.79603,1.00,1.13
2018.05.14 04:13:00.322,1.79577,1.79605,1.00,1.94
2018.05.14 04:13:00.577,1.79574,1.79602,1.00,1.13
2018.05.14 04:13:00.909,1.79574,1.79604,1.00,1.75
2018.05.14 04:13:02.177,1.79578,1.79604,1.00,1.75
2018.05.14 04:13:02.911,1.79579,1.79605,1.00,1.75
2018.05.14 04:13:03.235,1.79579,1.79604,1.00,1.25
2018.05.14 04:13:03.338,1.79579,1.79603,1.00,1.38
2018.05.14 04:13:03.683,1.7958,1.79607,1.37,1.38
2018.05.14 04:13:03.734,1.7958,1.79607,1.00,1.50
2018.05.14 04:13:04.579,1.7958,1.79605,1.00,1.38
2018.05.14 04:13:04.681,1.79582,1.79605,1.00,1.38
2018.05.14 04:13:04.987,1.7958,1.79607,1.00,1.50
2018.05.14 04:13:05.090,1.79582,1.79607,1.00,1.50
2018.05.14 04:13:05.603,1.79582,1.79608,1.00,1.50
2018.05.14 04:13:06.184,1.79582,1.79608,1.00,1.75
2018.05.14 04:13:06.764,1.79582,1.79608,1.00,1.75
2018.05.14 04:13:07.019,1.79582,1.79608,1.00,1.50
2018.05.14 04:13:07.407,1.79582,1.79608,1.00,2.25
2018.05.14 04:13:07.616,1.79582,1.79608,1.00,1.50
2018.05.14 04:13:07.726,1.79582,1.79608,1.00,1.75
2018.05.14 04:13:07.778,1.79582,1.79608,1.00,1.50
2018.05.14 04:13:09.054,1.79582,1.79608,1.00,1.75
2018.05.14 04:13:10.594,1.79582,1.79608,1.00,1.50
2018.05.14 04:13:10.900,1.79582,1.79607,1.00,1.50
2018.05.14 04:13:11.002,1.79582,1.79607,1.00,1.38
2018.05.14 04:13:11.774,1.79582,1.79603,1.00,1.00
2018.05.14 04:13:12.323,1.79582,1.79603,1.00,1.19
2018.05.14 04:13:13.978,1.79582,1.79603,1.00,1.44
2018.05.14 04:13:14.503,1.79582,1.79603,1.00,1.19
2018.05.14 04:13:15.414,1.79582,1.79603,1.00,1.38
2018.05.14 04:13:15.568,1.79579,1.79603,1.00,1.38
2018.05.14 04:13:16.119,1.79579,1.79603,1.00,1.38
2018.05.14 04:13:17.022,1.79579,1.79604,1.00,1.38
2018.05.14 04:13:17.691,1.79579,1.79605,1.00,2.44
2018.05.14 04:13:19.238,1.79579,1.79604,1.00,1.38
2018.05.14 04:13:20.291,1.79579,1.79605,1.00,1.88
2018.05.14 04:13:21.779,1.79579,1.79604,1.00,1.38
2018.05.14 04:13:23.697,1.79579,1.79604,1.00,1.38
2018.05.14 04:13:23.901,1.79579,1.79604,1.00,1.38
2018.05.14 04:13:30.769,1.79579,1.79604,1.00,1.25
2018.05.14 04:13:30.871,1.79582,1.79608,1.00,1.75
2018.05.14 04:13:33.911,1.79582,1.79608,1.00,1.50
2018.05.14 04:13:36.430,1.79582,1.79608,1.00,1.75
2018.05.14 04:13:45.438,1.79582,1.79608,1.00,1.50
2018.05.14 04:13:45.947,1.79582,1.79608,1.00,1.75
2018.05.14 04:13:45.999,1.79582,1.79608,1.00,1.50
2018.05.14 04:13:47.457,1.79582,1.7961,1.00,1.63
2018.05.14 04:13:47.508,1.79582,1.7961,1.12,1.44
2018.05.14 04:13:47.661,1.79584,1.7961,1.00,1.63
2018.05.14 04:13:48.378,1.79584,1.7961,1.00,1.00
2018.05.14 04:13:49.011,1.79584,1.7961,1.00,1.50
2018.05.14 04:13:49.747,1.79584,1.7961,1.00,1.75
2018.05.14 04:13:51.071,1.79584,1.7961,1.00,1.75
2018.05.14 04:13:51.596,1.79584,1.7961,1.00,1.50
2018.05.14 04:13:52.763,1.79584,1.7961,1.00,1.75
2018.05.14 04:13:55.304,1.79584,1.7961,1.00,1.75
2018.05.14 04:13:57.326,1.79584,1.7961,1.00,1.50
2018.05.14 04:13:58.445,1.79584,1.7961,1.00,1.75
2018.05.14 04:14:00.142,1.79584,1.7961,1.00,1.50
2018.05.14 04:14:03.260,1.79585,1.79612,1.00,2.44
2018.05.14 04:14:04.522,1.79585,1.79611,1.00,2.06
2018.05.14 04:14:07.668,1.79585,1.79611,1.00,1.38
2018.05.14 04:14:08.218,1.79585,1.79611,1.00,1.88
2018.05.14 04:14:08.745,1.79584,1.79612,1.00,1.88
2018.05.14 04:14:09.577,1.79584,1.79612,1.00,1.88
2018.05.14 04:14:10.098,1.79584,1.79612,1.00,1.88
2018.05.14 04:14:10.445,1.79584,1.79611,1.00,1.19
2018.05.14 04:14:10.496,1.79584,1.79611,1.00,1.38
2018.05.14 04:14:11.104,1.79584,1.79611,1.00,1.38
2018.05.14 04:14:11.410,1.79584,1.7961,1.00,1.38
2018.05.14 04:14:11.461,1.79584,1.79611,1.00,1.38
2018.05.14 04:14:12.183,1.79584,1.7961,1.00,1.38
2018.05.14 04:14:12.337,1.79584,1.79611,1.00,1.38
2018.05.14 04:14:18.286,1.79584,1.7961,1.00,1.38
2018.05.14 04:14:19.360,1.79586,1.7961,1.00,1.38
2018.05.14 04:14:20.154,1.79586,1.7961,1.00,1.44
2018.05.14 04:14:21.363,1.79586,1.7961,1.00,1.38
2018.05.14 04:14:23.759,1.79585,1.7961,1.00,1.38
2018.05.14 04:14:23.948,1.79585,1.79611,1.00,1.44
2018.05.14 04:14:24.500,1.79586,1.7961,1.00,1.44
2018.05.14 04:14:24.659,1.79584,1.7961,1.00,1.44
2018.05.14 04:14:25.204,1.79586,1.7961,1.00,1.44
2018.05.14 04:14:30.982,1.79584,1.7961,1.00,1.44
2018.05.14 04:14:31.538,1.79587,1.79612,1.00,1.88
2018.05.14 04:14:32.227,1.79587,1.79611,1.00,1.88
2018.05.14 04:14:32.478,1.79585,1.79611,1.00,1.88
2018.05.14 04:14:33.638,1.79585,1.79607,1.00,1.00
2018.05.14 04:14:33.690,1.79583,1.79607,1.00,1.00
2018.05.14 04:14:33.742,1.79583,1.79608,1.00,1.13
2018.05.14 04:14:33.897,1.79579,1.79608,1.00,1.88
2018.05.14 04:14:37.046,1.79579,1.79609,1.00,2.25
2018.05.14 04:14:38.870,1.79579,1.79608,1.00,2.44
2018.05.14 04:14:39.178,1.79579,1.79602,1.00,1.13
2018.05.14 04:14:39.384,1.79573,1.79603,1.00,2.06
2018.05.14 04:14:39.486,1.79573,1.79594,1.00,1.12
2018.05.14 04:14:39.591,1.79573,1.79602,1.00,1.94
2018.05.14 04:14:40.200,1.79573,1.79602,1.00,3.19
2018.05.14 04:14:40.251,1.79573,1.79599,1.00,1.50
2018.05.14 04:14:40.303,1.79573,1.79599,1.37,1.50
2018.05.14 04:14:40.509,1.79573,1.79598,1.00,1.50
2018.05.14 04:14:41.022,1.79573,1.79598,1.00,1.38
2018.05.14 04:14:41.303,1.79573,1.79601,1.00,2.44
2018.05.14 04:14:42.285,1.79573,1.79597,1.00,1.13
2018.05.14 04:14:42.795,1.79573,1.79601,1.00,2.44
2018.05.14 04:14:43.114,1.79573,1.79599,1.00,1.13
2018.05.14 04:14:43.710,1.79573,1.79598,1.00,1.13
2018.05.14 04:14:44.226,1.79573,1.79599,1.00,1.13
2018.05.14 04:14:44.979,1.79573,1.79601,1.00,2.25
2018.05.14 04:14:45.105,1.79573,1.79601,1.00,2.25
2018.05.14 04:14:45.438,1.79563,1.79588,1.00,1.12
2018.05.14 04:14:45.540,1.79563,1.79589,1.00,1.75
2018.05.14 04:14:46.477,1.79563,1.79588,1.00,1.88
2018.05.14 04:14:48.331,1.79563,1.79589,1.00,2.81
2018.05.14 04:14:48.939,1.79563,1.79587,1.00,1.38
2018.05.14 04:14:49.774,1.79563,1.79589,1.00,2.44
2018.05.14 04:14:50.280,1.79563,1.79588,1.00,1.63
2018.05.14 04:14:50.433,1.79563,1.79589,1.00,1.13
2018.05.14 04:14:51.043,1.79563,1.79588,1.00,1.13
2018.05.14 04:14:54.871,1.79562,1.79591,1.00,2.44
2018.05.14 04:14:55.239,1.79564,1.79589,1.00,1.44
2018.05.14 04:14:58.129,1.79564,1.79588,1.00,1.19
2018.05.14 04:14:59.279,1.79564,1.79589,1.00,1.50
2018.05.14 04:14:59.338,1.79564,1.79588,1.00,1.44
2018.05.14 04:14:59.967,1.79565,1.79591,1.00,3.00
2018.05.14 04:15:00.188,1.79563,1.79591,1.00,2.44
2018.05.14 04:15:01.583,1.79563,1.79591,1.00,2.25
2018.05.14 04:15:02.215,1.79563,1.79591,1.00,2.63
2018.05.14 04:15:03.059,1.7956,1.79591,1.00,2.63
2018.05.14 04:15:03.584,1.7956,1.79591,1.00,3.19
2018.05.14 04:15:04.245,1.7956,1.79591,1.00,2.63
2018.05.14 04:15:05.950,1.7956,1.7959,1.00,1.38
2018.05.14 04:15:06.537,1.7956,1.79591,1.00,2.63
2018.05.14 04:15:07.082,1.7956,1.7959,1.00,1.13
2018.05.14 04:15:07.861,1.7956,1.79591,1.00,1.88
2018.05.14 04:15:08.454,1.7956,1.79591,1.00,2.63
2018.05.14 04:15:08.658,1.79559,1.7959,1.25,2.63
2018.05.14 04:15:08.967,1.79562,1.7959,1.00,2.63
2018.05.14 04:15:09.505,1.79559,1.7959,1.00,2.44
2018.05.14 04:15:10.055,1.79559,1.7959,1.25,2.44
2018.05.14 04:15:10.615,1.79559,1.7959,1.00,2.44
2018.05.14 04:15:11.347,1.79559,1.7959,1.25,2.44
2018.05.14 04:15:11.970,1.79559,1.7959,1.00,2.44
2018.05.14 04:15:12.533,1.79559,1.7959,1.25,2.44
2018.05.14 04:15:13.051,1.79559,1.7959,1.00,2.44
2018.05.14 04:15:13.409,1.79559,1.79589,1.00,1.31
2018.05.14 04:15:13.613,1.79555,1.79588,1.50,1.88
2018.05.14 04:15:14.092,1.79554,1.79586,1.25,1.87
2018.05.14 04:15:14.763,1.79554,1.79585,1.69,1.31
2018.05.14 04:15:15.828,1.79555,1.79586,1.00,2.06
2018.05.14 04:15:16.494,1.79555,1.79585,1.00,1.31
2018.05.14 04:15:17.027,1.79555,1.79586,1.00,2.06
2018.05.14 04:15:17.666,1.79555,1.79585,1.00,1.31
2018.05.14 04:15:18.167,1.79554,1.79586,1.00,2.25
2018.05.14 04:15:18.714,1.79555,1.79586,1.00,2.25
2018.05.14 04:15:19.215,1.79554,1.79586,1.00,2.25
2018.05.14 04:15:27.142,1.79554,1.79585,1.50,1.38
2018.05.14 04:15:27.717,1.79554,1.79585,1.00,1.38
2018.05.14 04:15:28.502,1.79553,1.79585,2.44,1.25
2018.05.14 04:15:31.760,1.79554,1.79585,1.00,1.25
2018.05.14 04:15:32.338,1.79555,1.79585,1.00,1.25
2018.05.14 04:15:33.060,1.79554,1.79585,1.00,1.69
2018.05.14 04:15:33.660,1.79553,1.79585,1.88,1.25
2018.05.14 04:15:33.860,1.79555,1.79585,1.00,1.25
2018.05.14 04:15:34.261,1.79553,1.79585,1.88,1.25
2018.05.14 04:15:35.059,1.79554,1.79585,1.00,1.25
2018.05.14 04:15:36.929,1.79554,1.79585,1.25,3.00
2018.05.14 04:15:37.506,1.79554,1.79585,1.00,1.25
2018.05.14 04:15:38.197,1.79554,1.79585,1.00,2.25
2018.05.14 04:15:38.735,1.79555,1.79585,1.00,2.44
2018.05.14 04:15:39.749,1.79555,1.79585,1.00,1.13
2018.05.14 04:15:40.816,1.79555,1.79585,1.00,2.44
2018.05.14 04:15:41.744,1.79555,1.79585,1.00,1.25
2018.05.14 04:15:42.303,1.79555,1.79585,1.00,2.44
2018.05.14 04:15:42.854,1.79554,1.79585,1.00,1.88
2018.05.14 04:15:44.138,1.79554,1.79585,1.25,2.63
2018.05.14 04:15:44.760,1.79555,1.79585,1.00,1.88
2018.05.14 04:15:50.674,1.79553,1.79585,1.50,1.88
2018.05.14 04:15:53.025,1.79554,1.79585,1.00,1.88
2018.05.14 04:15:55.090,1.79554,1.79585,1.00,1.88
2018.05.14 04:15:55.142,1.79554,1.79585,1.00,1.88
2018.05.14 04:15:59.958,1.79554,1.79585,1.00,2.81
2018.05.14 04:16:00.474,1.79554,1.79585,1.25,2.81
2018.05.14 04:16:04.042,1.79554,1.79584,1.00,1.50
2018.05.14 04:16:04.438,1.79554,1.79584,1.00,1.69
2018.05.14 04:16:05.565,1.79554,1.79584,1.50,1.13
2018.05.14 04:16:06.072,1.79555,1.79584,1.00,1.13
2018.05.14 04:16:06.837,1.79554,1.79584,1.88,1.13
2018.05.14 04:16:07.545,1.79556,1.79584,1.00,1.31
2018.05.14 04:16:08.606,1.79556,1.79585,1.00,2.81
2018.05.14 04:16:09.109,1.79555,1.79584,1.50,1.62
2018.05.14 04:16:15.310,1.79555,1.79584,1.50,1.25
2018.05.14 04:16:17.369,1.79556,1.79584,1.00,1.31
2018.05.14 04:16:23.073,1.79556,1.79585,1.50,1.56
2018.05.14 04:16:23.376,1.79556,1.79585,1.50,2.06
2018.05.14 04:16:32.295,1.79556,1.79585,1.00,1.00
2018.05.14 04:16:33.071,1.79556,1.79584,1.00,1.00
2018.05.14 04:16:33.174,1.79559,1.79584,1.00,1.00
2018.05.14 04:16:35.226,1.79559,1.79584,1.00,1.69
2018.05.14 04:16:35.380,1.79555,1.79583,1.00,1.13
2018.05.14 04:16:36.232,1.79555,1.79585,1.00,3.00
2018.05.14 04:16:37.038,1.79554,1.79585,1.50,3.38
2018.05.14 04:16:38.133,1.79555,1.79581,1.00,1.00
2018.05.14 04:16:38.636,1.79554,1.79581,1.50,1.00
2018.05.14 04:16:39.143,1.79555,1.79581,1.00,1.00
2018.05.14 04:16:43.687,1.79554,1.79581,1.50,1.00
2018.05.14 04:16:44.194,1.79554,1.7958,2.25,1.00
2018.05.14 04:16:44.853,1.79554,1.79585,1.50,3.38
2018.05.14 04:16:45.455,1.79554,1.79584,2.25,1.13
2018.05.14 04:16:46.595,1.79554,1.79585,1.50,3.38
2018.05.14 04:16:47.227,1.79554,1.7958,2.25,1.00
2018.05.14 04:16:47.837,1.79554,1.79585,1.00,2.06
2018.05.14 04:16:48.514,1.79554,1.79585,1.00,3.00
2018.05.14 04:16:51.007,1.79555,1.79585,1.00,2.25
2018.05.14 04:16:52.272,1.79558,1.79585,1.00,2.25
2018.05.14 04:16:53.707,1.79558,1.79585,1.00,2.44
2018.05.14 04:16:55.323,1.79558,1.79585,1.00,1.94
2018.05.14 04:16:57.439,1.79558,1.79585,1.00,1.50
2018.05.14 04:16:57.693,1.79562,1.79585,1.00,1.69
2018.05.14 04:16:58.194,1.79562,1.79585,1.00,2.06
2018.05.14 04:16:58.701,1.79561,1.79585,1.00,1.00
2018.05.14 04:16:59.474,1.79561,1.79586,1.00,1.13
2018.05.14 04:17:01.360,1.79559,1.79588,1.00,1.50
2018.05.14 04:17:03.272,1.79559,1.79587,1.00,1.88
2018.05.14 04:17:05.453,1.79559,1.79587,1.00,1.88
2018.05.14 04:17:06.132,1.79559,1.79589,1.00,2.25
2018.05.14 04:17:06.998,1.79557,1.79589,1.00,1.75
2018.05.14 04:17:07.365,1.79557,1.79589,1.00,2.25
2018.05.14 04:17:07.851,1.79557,1.79588,1.00,1.75
2018.05.14 04:17:08.180,1.79562,1.79588,1.00,1.75
2018.05.14 04:17:12.124,1.79562,1.79587,1.00,1.94
2018.05.14 04:17:12.868,1.79562,1.79587,1.00,1.94
2018.05.14 04:17:14.870,1.79561,1.79588,1.00,1.75
2018.05.14 04:17:15.511,1.79561,1.79586,1.00,1.88
2018.05.14 04:17:17.981,1.79561,1.79586,1.00,2.00
2018.05.14 04:17:18.537,1.79561,1.79586,1.00,1.88
2018.05.14 04:17:19.150,1.79561,1.79586,1.00,1.88
2018.05.14 04:17:20.900,1.79561,1.79586,1.00,2.00
2018.05.14 04:17:21.759,1.7956,1.79586,1.00,2.00
2018.05.14 04:17:22.828,1.79562,1.79586,1.00,2.00
2018.05.14 04:17:24.684,1.79562,1.79586,1.00,1.88
2018.05.14 04:17:25.324,1.79561,1.79586,1.00,1.88
2018.05.14 04:17:25.879,1.79562,1.79586,1.00,1.88
2018.05.14 04:17:26.559,1.79561,1.79586,1.00,1.88
2018.05.14 04:17:27.159,1.7956,1.79586,1.00,1.88
2018.05.14 04:17:27.687,1.79562,1.79586,1.00,1.25
2018.05.14 04:17:28.422,1.79562,1.79586,1.00,1.44
2018.05.14 04:17:32.165,1.79562,1.79586,1.00,1.75
2018.05.14 04:17:32.268,1.7956,1.79586,1.00,1.75
2018.05.14 04:17:33.042,1.7956,1.79586,1.00,2.00
2018.05.14 04:17:33.291,1.79562,1.79587,1.00,1.13
2018.05.14 04:17:36.424,1.79562,1.79584,1.00,1.00
2018.05.14 04:17:36.865,1.79564,1.79584,1.00,1.00
2018.05.14 04:17:37.389,1.79563,1.79587,1.00,1.13
2018.05.14 04:17:38.150,1.79563,1.79587,1.00,1.13
2018.05.14 04:17:38.724,1.79564,1.79587,1.00,1.13
2018.05.14 04:17:39.383,1.79563,1.79587,1.00,1.13
2018.05.14 04:17:40.046,1.79564,1.79587,1.00,1.13
2018.05.14 04:17:40.754,1.79564,1.79584,1.00,1.00
2018.05.14 04:17:41.487,1.79564,1.79583,1.00,1.00
2018.05.14 04:17:41.706,1.79561,1.79588,1.00,1.88
2018.05.14 04:17:43.810,1.79561,1.79588,1.00,1.50
2018.05.14 04:17:44.170,1.79561,1.79588,1.00,1.75
2018.05.14 04:17:44.824,1.79561,1.79588,1.00,1.75
2018.05.14 04:17:44.976,1.79557,1.79587,1.25,1.13
2018.05.14 04:17:45.505,1.79562,1.79588,1.00,1.75
2018.05.14 04:17:46.188,1.79562,1.79588,1.00,1.75
2018.05.14 04:17:46.649,1.79564,1.79588,1.00,1.88
2018.05.14 04:17:46.870,1.7956,1.79588,1.00,2.63
2018.05.14 04:17:47.638,1.7956,1.79584,1.00,1.31
2018.05.14 04:17:48.148,1.7956,1.79584,1.00,1.12
2018.05.14 04:17:48.923,1.7956,1.79584,1.00,1.12
2018.05.14 04:17:49.671,1.7956,1.79583,1.00,1.13
2018.05.14 04:17:52.690,1.79558,1.79581,1.00,1.00
2018.05.14 04:17:53.362,1.79558,1.79582,1.00,1.13
2018.05.14 04:17:53.913,1.79558,1.79582,1.00,1.31
2018.05.14 04:17:54.145,1.79558,1.79583,1.00,3.37
2018.05.14 04:17:54.247,1.79558,1.79582,1.00,1.13
2018.05.14 04:17:54.298,1.79556,1.79582,1.00,1.13
2018.05.14 04:17:54.964,1.79556,1.79583,1.00,2.25
2018.05.14 04:17:55.147,1.79556,1.79583,1.00,2.63
2018.05.14 04:17:55.656,1.79556,1.79583,1.00,2.63
2018.05.14 04:17:56.427,1.79556,1.79583,1.00,2.25
2018.05.14 04:17:56.939,1.79556,1.79583,1.00,1.75
2018.05.14 04:17:57.379,1.79552,1.79579,1.50,1.94
2018.05.14 04:17:57.482,1.7955,1.79575,1.00,1.13
2018.05.14 04:17:57.989,1.7955,1.79578,1.00,1.94
2018.05.14 04:17:58.495,1.7955,1.79577,1.00,1.31
2018.05.14 04:17:59.232,1.7955,1.79576,1.00,1.13
2018.05.14 04:17:59.386,1.7955,1.79578,1.00,1.88
2018.05.14 04:17:59.490,1.79555,1.79581,1.00,1.75
2018.05.14 04:18:00.235,1.79555,1.79581,1.00,2.63
2018.05.14 04:18:00.912,1.79555,1.79579,1.00,1.75
2018.05.14 04:18:00.964,1.79549,1.79574,1.00,1.75
2018.05.14 04:18:01.016,1.79549,1.7957,1.00,1.31
2018.05.14 04:18:01.067,1.79546,1.7957,1.00,1.38
2018.05.14 04:18:01.119,1.79546,1.79572,1.00,1.75
2018.05.14 04:18:01.426,1.79549,1.79573,1.00,1.63
2018.05.14 04:18:01.994,1.79549,1.79574,1.00,2.44
2018.05.14 04:18:02.045,1.79549,1.79574,1.00,2.44
2018.05.14 04:18:02.379,1.79547,1.79574,1.00,2.63
2018.05.14 04:18:03.048,1.79547,1.7957,1.00,1.00
2018.05.14 04:18:03.641,1.79547,1.79571,1.00,1.00
2018.05.14 04:18:04.080,1.79547,1.79573,1.00,1.75
2018.05.14 04:18:04.341,1.79547,1.79573,1.00,2.19
2018.05.14 04:18:04.860,1.79547,1.79572,1.00,1.38
2018.05.14 04:18:05.496,1.79547,1.79574,1.00,4.50
2018.05.14 04:18:07.209,1.79547,1.79572,1.00,1.69
2018.05.14 04:18:07.904,1.79547,1.79571,1.00,1.19
2018.05.14 04:18:10.452,1.79547,1.79572,1.00,2.19
2018.05.14 04:18:10.982,1.79547,1.79571,1.00,1.19
2018.05.14 04:18:11.486,1.79547,1.79571,1.00,1.31
2018.05.14 04:18:11.588,1.79545,1.79572,1.00,3.56
2018.05.14 04:18:12.161,1.79545,1.79571,1.00,1.31
2018.05.14 04:18:12.786,1.79545,1.79572,1.00,3.19
2018.05.14 04:18:13.058,1.79545,1.79572,1.00,3.00
2018.05.14 04:18:13.595,1.79545,1.79572,1.00,3.19
2018.05.14 04:18:14.111,1.79545,1.79571,1.00,1.50
2018.05.14 04:18:14.646,1.79545,1.79572,1.00,2.44
2018.05.14 04:18:15.197,1.79545,1.79572,1.00,2.44
2018.05.14 04:18:16.022,1.79545,1.79572,1.00,2.44
2018.05.14 04:18:16.770,1.79545,1.79572,1.00,2.44
2018.05.14 04:18:17.095,1.79545,1.79572,1.00,2.44
2018.05.14 04:18:17.562,1.79545,1.79572,1.00,2.44
2018.05.14 04:18:17.750,1.79545,1.79572,1.00,2.44
2018.05.14 04:18:18.258,1.79545,1.79572,1.00,2.44
2018.05.14 04:18:18.787,1.79545,1.79572,1.00,2.44
2018.05.14 04:18:19.644,1.79545,1.79572,1.00,2.44
2018.05.14 04:18:19.759,1.79545,1.79572,1.00,2.44
2018.05.14 04:18:20.023,1.79545,1.79572,1.00,2.44
2018.05.14 04:18:20.132,1.79545,1.79572,1.00,2.44
2018.05.14 04:18:20.529,1.79545,1.79572,1.00,2.44
2018.05.14 04:18:20.742,1.79545,1.79572,1.00,2.44
2018.05.14 04:18:20.879,1.79545,1.79572,1.00,2.44
2018.05.14 04:18:21.353,1.79545,1.79572,1.00,2.44
2018.05.14 04:18:21.999,1.79546,1.79572,1.00,2.44
2018.05.14 04:18:22.206,1.79546,1.79572,1.00,2.44
2018.05.14 04:18:22.931,1.79546,1.79572,1.00,2.63
2018.05.14 04:18:23.499,1.79546,1.79572,1.00,2.06
2018.05.14 04:18:26.331,1.79546,1.79572,1.00,2.06
2018.05.14 04:18:26.635,1.79546,1.79572,1.00,2.63
2018.05.14 04:18:26.687,1.79543,1.79572,1.00,2.06
2018.05.14 04:18:26.739,1.79543,1.79569,1.00,2.44
2018.05.14 04:18:27.075,1.79542,1.79568,1.00,2.44
2018.05.14 04:18:27.605,1.79542,1.79568,1.00,2.44
2018.05.14 04:18:27.834,1.79542,1.79568,1.00,1.13
2018.05.14 04:18:27.886,1.79541,1.79571,1.37,1.88
2018.05.14 04:18:28.192,1.79543,1.79571,1.00,1.75
2018.05.14 04:18:28.294,1.79546,1.79571,1.00,1.75
2018.05.14 04:18:29.167,1.79546,1.79573,1.00,1.88
2018.05.14 04:18:29.315,1.79546,1.79573,1.00,1.88
2018.05.14 04:18:29.940,1.79546,1.79571,1.00,1.75
2018.05.14 04:18:30.195,1.79544,1.79571,1.00,1.50
2018.05.14 04:18:30.762,1.79544,1.79571,1.00,1.75
2018.05.14 04:18:31.113,1.79544,1.79571,1.37,1.50
2018.05.14 04:18:31.574,1.79544,1.79571,1.37,1.75
2018.05.14 04:18:31.725,1.79544,1.79571,1.37,1.50
2018.05.14 04:18:31.928,1.79544,1.79571,1.00,1.75
2018.05.14 04:18:32.262,1.79544,1.79571,1.00,1.75
2018.05.14 04:18:32.517,1.79544,1.79571,1.00,1.88
2018.05.14 04:18:32.642,1.79544,1.79571,1.00,1.75
2018.05.14 04:18:33.120,1.79544,1.79571,1.00,1.50
2018.05.14 04:18:33.243,1.79544,1.79568,1.00,3.75
2018.05.14 04:18:33.295,1.79539,1.79565,1.19,1.13
2018.05.14 04:18:33.397,1.79536,1.79565,1.69,1.25
2018.05.14 04:18:33.602,1.79541,1.79568,1.00,2.25
2018.05.14 04:18:34.283,1.79542,1.79568,1.00,2.25
2018.05.14 04:18:34.914,1.79542,1.79568,1.00,3.38
2018.05.14 04:18:35.623,1.79542,1.79568,1.00,3.38
2018.05.14 04:18:36.125,1.79542,1.79568,1.00,3.00
2018.05.14 04:18:36.481,1.79536,1.79568,1.63,3.00
2018.05.14 04:18:37.155,1.79536,1.79568,1.63,3.00
2018.05.14 04:18:39.296,1.79536,1.79568,2.38,2.25
2018.05.14 04:18:41.251,1.79536,1.79568,2.38,2.25
2018.05.14 04:18:41.415,1.79536,1.79568,2.38,2.25
2018.05.14 04:18:41.986,1.79536,1.79568,2.38,2.25
2018.05.14 04:18:42.654,1.79536,1.79568,2.38,2.25
2018.05.14 04:18:43.589,1.79536,1.79563,1.13,1.50
2018.05.14 04:18:43.898,1.79517,1.79545,1.00,1.00
2018.05.14 04:18:44.000,1.79515,1.79545,1.00,1.00
2018.05.14 04:18:44.622,1.79515,1.79546,1.00,2.25
2018.05.14 04:18:44.803,1.79519,1.79546,1.50,1.00
2018.05.14 04:18:44.906,1.79521,1.7955,1.37,1.50
2018.05.14 04:18:45.572,1.79522,1.7955,1.37,1.00
2018.05.14 04:18:45.624,1.79522,1.79553,1.75,1.00
2018.05.14 04:18:46.240,1.79521,1.79548,1.75,1.00
2018.05.14 04:18:46.342,1.79521,1.79553,1.75,1.00
2018.05.14 04:18:47.315,1.79521,1.79553,1.47,2.06
2018.05.14 04:18:47.916,1.79523,1.79553,1.37,1.00
2018.05.14 04:18:48.461,1.79524,1.79553,1.12,1.00
2018.05.14 04:18:49.675,1.79524,1.79553,1.37,1.13
2018.05.14 04:18:50.191,1.79524,1.79553,1.12,1.25
2018.05.14 04:18:50.897,1.79524,1.79553,1.37,1.44
2018.05.14 04:18:51.653,1.79524,1.79554,1.75,1.38
2018.05.14 04:18:52.219,1.79524,1.79554,1.50,1.44
2018.05.14 04:18:52.895,1.79524,1.79555,1.37,2.25
2018.05.14 04:18:53.588,1.79524,1.79555,1.37,2.25
2018.05.14 04:18:53.773,1.79524,1.79555,1.12,1.88
2018.05.14 04:18:53.927,1.79524,1.79555,1.37,2.25
2018.05.14 04:18:54.106,1.79524,1.79555,1.12,1.88
2018.05.14 04:18:54.860,1.79524,1.79555,1.37,2.25
2018.05.14 04:18:55.202,1.79524,1.79554,1.37,1.38
2018.05.14 04:18:56.050,1.79524,1.79555,1.12,1.69
2018.05.14 04:18:56.623,1.79524,1.79554,1.37,1.38
2018.05.14 04:18:58.116,1.79524,1.79554,1.12,1.44
2018.05.14 04:18:58.654,1.79524,1.79554,1.37,1.38
2018.05.14 04:18:59.160,1.79524,1.79554,1.37,1.38
2018.05.14 04:18:59.692,1.79524,1.79554,1.12,1.38
2018.05.14 04:19:02.546,1.79524,1.79555,1.12,1.38
2018.05.14 04:19:06.144,1.79524,1.79553,1.12,1.38
2018.05.14 04:19:06.819,1.79524,1.79553,1.37,1.38
2018.05.14 04:19:07.467,1.79524,1.79553,1.12,1.38
2018.05.14 04:19:08.102,1.79524,1.79553,1.37,1.38
2018.05.14 04:19:08.696,1.79524,1.79553,1.12,1.25
2018.05.14 04:19:09.223,1.79524,1.79553,1.00,1.38
2018.05.14 04:19:09.982,1.79524,1.79553,1.00,1.38
2018.05.14 04:19:14.760,1.79524,1.79553,1.00,1.38
2018.05.14 04:19:15.371,1.79524,1.79553,1.00,1.38
2018.05.14 04:19:15.893,1.79524,1.79553,1.00,1.38
2018.05.14 04:19:16.791,1.79524,1.79553,1.37,1.38
2018.05.14 04:19:17.336,1.79526,1.79553,1.00,1.38
2018.05.14 04:19:18.634,1.79525,1.79554,1.12,1.38
2018.05.14 04:19:18.685,1.79525,1.79554,1.37,1.44
2018.05.14 04:19:18.738,1.79525,1.79556,1.37,1.38
2018.05.14 04:19:19.245,1.79526,1.79558,1.37,1.50
2018.05.14 04:19:19.691,1.79526,1.79558,1.00,1.38
2018.05.14 04:19:19.795,1.79526,1.79553,1.37,1.00
2018.05.14 04:19:20.327,1.79526,1.79559,1.37,2.25
2018.05.14 04:19:21.889,1.79526,1.79558,1.37,1.75
2018.05.14 04:19:22.424,1.79526,1.79558,1.37,1.38
2018.05.14 04:19:23.542,1.79526,1.79558,1.37,1.50
2018.05.14 04:19:24.712,1.79526,1.79559,1.00,2.25
2018.05.14 04:19:24.763,1.79524,1.79557,1.00,1.38
2018.05.14 04:19:24.967,1.79524,1.79553,1.00,1.50
2018.05.14 04:19:25.158,1.79522,1.79553,1.69,1.50
2018.05.14 04:19:25.691,1.79522,1.79555,1.00,1.50
2018.05.14 04:19:25.743,1.79522,1.79555,1.00,1.88
2018.05.14 04:19:26.054,1.79525,1.79555,1.63,1.00
2018.05.14 04:19:26.157,1.79529,1.79558,1.25,1.00
2018.05.14 04:19:26.260,1.7953,1.7956,1.50,1.25
2018.05.14 04:19:26.362,1.79533,1.79563,1.00,1.38
2018.05.14 04:19:27.051,1.79533,1.79563,1.00,1.38
2018.05.14 04:19:27.299,1.79535,1.79563,1.00,1.38
2018.05.14 04:19:27.401,1.79535,1.79563,1.00,1.25
2018.05.14 04:19:27.776,1.79533,1.79563,1.00,1.25
2018.05.14 04:19:28.279,1.79533,1.79563,1.00,1.44
2018.05.14 04:19:28.947,1.79533,1.79563,1.12,1.38
2018.05.14 04:19:29.276,1.79533,1.79563,1.37,1.38
2018.05.14 04:19:29.510,1.79533,1.79563,1.37,1.19
2018.05.14 04:19:30.184,1.79534,1.79563,1.37,1.38
2018.05.14 04:19:31.786,1.79533,1.79563,1.37,1.25
2018.05.14 04:19:32.348,1.79535,1.79565,1.12,1.13
2018.05.14 04:19:34.403,1.79534,1.79566,1.12,1.75
2018.05.14 04:19:34.959,1.79533,1.79566,1.00,2.25
2018.05.14 04:19:35.267,1.79535,1.79566,1.00,2.25
2018.05.14 04:19:35.859,1.79533,1.79566,1.00,2.25
2018.05.14 04:19:36.416,1.79533,1.79566,1.00,2.25
2018.05.14 04:19:40.608,1.79533,1.79566,1.00,2.25
2018.05.14 04:19:41.163,1.79532,1.79563,1.37,1.44
2018.05.14 04:19:41.777,1.79532,1.79563,1.37,1.38
2018.05.14 04:19:42.203,1.79532,1.79563,1.00,1.44
2018.05.14 04:19:42.769,1.79531,1.79563,1.00,1.44
2018.05.14 04:19:43.354,1.79531,1.79563,1.25,1.50
2018.05.14 04:19:43.405,1.79533,1.79564,1.00,3.00
2018.05.14 04:19:43.659,1.79531,1.79562,1.69,1.44
2018.05.14 04:19:45.405,1.79531,1.79562,1.50,1.25
2018.05.14 04:19:45.661,1.79533,1.79564,1.00,3.00
2018.05.14 04:19:45.884,1.79531,1.79562,1.50,1.13
2018.05.14 04:19:46.365,1.79533,1.79563,1.00,1.38
2018.05.14 04:19:46.867,1.79531,1.79563,1.63,1.88
2018.05.14 04:19:47.385,1.79531,1.79563,1.12,1.88
2018.05.14 04:19:47.973,1.79531,1.79563,1.63,1.88
2018.05.14 04:19:48.177,1.79532,1.79563,1.00,1.38
2018.05.14 04:19:48.279,1.79531,1.79563,1.25,1.88
2018.05.14 04:19:49.968,1.79531,1.79563,1.25,1.88
2018.05.14 04:19:50.303,1.79531,1.79563,1.63,1.88
2018.05.14 04:19:51.063,1.79531,1.79562,1.87,1.25
2018.05.14 04:19:51.669,1.79531,1.79562,2.06,1.19
2018.05.14 04:19:52.298,1.79531,1.79562,1.87,1.00
2018.05.14 04:19:52.804,1.79531,1.79562,2.06,1.19
2018.05.14 04:19:53.310,1.79531,1.79562,2.06,1.25
2018.05.14 04:19:53.828,1.79531,1.79562,2.06,1.19
2018.05.14 04:19:54.350,1.79531,1.79562,1.87,1.25
2018.05.14 04:19:54.607,1.79531,1.79562,2.06,1.25
2018.05.14 04:19:55.141,1.79531,1.79562,1.87,1.00
2018.05.14 04:19:55.720,1.79532,1.79562,1.37,1.00
2018.05.14 04:19:55.959,1.79532,1.79564,1.87,1.25
2018.05.14 04:19:56.213,1.79532,1.79562,1.37,1.00
2018.05.14 04:19:56.468,1.79532,1.79564,1.87,1.25
2018.05.14 04:19:56.675,1.79532,1.79562,1.37,1.00
2018.05.14 04:19:56.865,1.79532,1.79562,1.12,1.00
2018.05.14 04:19:56.967,1.79532,1.79564,1.50,1.25
2018.05.14 04:19:57.510,1.79532,1.79563,1.00,1.25
2018.05.14 04:19:59.511,1.79531,1.79563,1.00,1.00
2018.05.14 04:20:00.406,1.79531,1.79563,1.37,1.00
2018.05.14 04:20:01.030,1.79531,1.79563,2.06,1.25
2018.05.14 04:20:01.475,1.79531,1.79561,2.06,1.00
2018.05.14 04:20:01.679,1.79532,1.79564,1.12,1.13
2018.05.14 04:20:03.797,1.79532,1.79564,1.50,2.06
2018.05.14 04:20:04.343,1.7954,1.79565,1.44,1.50
2018.05.14 04:20:04.402,1.79542,1.79568,1.12,1.12
2018.05.14 04:20:04.458,1.79542,1.79568,2.25,1.00
2018.05.14 04:20:04.510,1.79542,1.79571,2.44,1.00
2018.05.14 04:20:04.561,1.79543,1.79574,1.50,1.13
2018.05.14 04:20:04.723,1.79543,1.79574,1.12,1.00
2018.05.14 04:20:05.336,1.79543,1.79574,1.12,1.31
2018.05.14 04:20:05.818,1.79543,1.79574,1.75,1.12
2018.05.14 04:20:06.387,1.79544,1.79577,2.19,3.00
2018.05.14 04:20:07.652,1.79544,1.79577,1.69,3.75
2018.05.14 04:20:08.625,1.79544,1.79577,2.19,4.50
2018.05.14 04:20:09.079,1.79544,1.79573,1.12,1.00
2018.05.14 04:20:09.181,1.79547,1.79577,1.00,1.50
2018.05.14 04:20:09.337,1.79547,1.79577,1.00,1.25
2018.05.14 04:20:11.072,1.79546,1.79577,1.00,2.25
2018.05.14 04:20:11.573,1.79547,1.79577,1.00,1.50
2018.05.14 04:20:11.625,1.79552,1.79577,1.00,1.50
2018.05.14 04:20:13.281,1.79552,1.79577,1.00,1.88
2018.05.14 04:20:15.336,1.79552,1.79577,1.00,1.88
2018.05.14 04:20:17.435,1.79547,1.79574,1.00,1.00
2018.05.14 04:20:21.206,1.79547,1.79577,1.00,1.50
2018.05.14 04:20:22.006,1.79547,1.79577,1.00,1.88
2018.05.14 04:20:22.761,1.79547,1.79577,1.00,1.88
2018.05.14 04:20:24.159,1.79547,1.79577,1.00,1.50
2018.05.14 04:20:24.241,1.79547,1.79577,1.00,1.50
2018.05.14 04:20:24.963,1.79546,1.79577,1.88,1.50
2018.05.14 04:20:25.506,1.79546,1.79577,1.50,1.25
2018.05.14 04:20:26.109,1.79546,1.79577,1.88,1.50
2018.05.14 04:20:27.558,1.79546,1.79577,1.50,1.25
2018.05.14 04:20:28.956,1.79551,1.79577,1.00,1.25
2018.05.14 04:20:29.839,1.79551,1.79577,1.00,1.50
2018.05.14 04:20:30.523,1.79551,1.79577,1.00,1.00
2018.05.14 04:20:35.557,1.79552,1.7958,1.00,1.44
2018.05.14 04:20:35.609,1.79554,1.79581,1.50,1.00
2018.05.14 04:20:35.866,1.79563,1.79592,1.00,1.69
2018.05.14 04:20:36.479,1.79563,1.79592,1.00,1.44
2018.05.14 04:20:37.718,1.79563,1.7959,1.00,1.00
2018.05.14 04:20:38.225,1.79563,1.79591,1.00,1.25
2018.05.14 04:20:40.131,1.79563,1.79592,1.00,2.25
2018.05.14 04:20:40.637,1.79563,1.7959,1.12,1.44
2018.05.14 04:20:43.887,1.79563,1.79592,1.00,1.31
2018.05.14 04:20:44.463,1.79563,1.79592,1.00,1.50
2018.05.14 04:20:46.187,1.79563,1.79592,1.00,1.13
2018.05.14 04:20:47.004,1.79563,1.79592,1.00,1.88
2018.05.14 04:20:49.908,1.79563,1.79592,1.00,1.88
2018.05.14 04:20:50.481,1.79563,1.79592,1.00,1.50
2018.05.14 04:20:50.862,1.79561,1.79592,1.00,1.50
2018.05.14 04:20:51.663,1.79564,1.79592,1.00,1.50
2018.05.14 04:20:52.845,1.79564,1.79592,1.00,1.88
2018.05.14 04:20:53.358,1.79564,1.79592,1.00,1.50
2018.05.14 04:20:54.114,1.79564,1.79592,1.00,1.13
2018.05.14 04:20:56.364,1.79564,1.7959,1.00,1.62
2018.05.14 04:20:56.561,1.79561,1.7959,1.00,1.56
2018.05.14 04:20:58.348,1.79561,1.79591,1.00,1.75
2018.05.14 04:20:59.772,1.79561,1.7959,1.00,1.56
2018.05.14 04:21:01.493,1.79563,1.7959,1.00,1.56
2018.05.14 04:21:05.307,1.79561,1.7959,1.00,1.56
2018.05.14 04:21:06.044,1.79561,1.79591,1.00,1.62
2018.05.14 04:21:06.575,1.79561,1.7959,1.00,1.81
2018.05.14 04:21:08.760,1.79563,1.7959,1.00,1.81
2018.05.14 04:21:12.460,1.79561,1.7959,1.00,1.81
2018.05.14 04:21:15.759,1.7956,1.7959,1.00,1.81
2018.05.14 04:21:16.362,1.79561,1.7959,1.00,1.81
2018.05.14 04:21:17.571,1.79559,1.7959,2.06,1.81
2018.05.14 04:21:18.442,1.79559,1.79591,1.50,1.81
2018.05.14 04:21:18.951,1.79559,1.7959,1.88,1.88
2018.05.14 04:21:19.615,1.7956,1.7959,1.00,1.88
2018.05.14 04:21:21.707,1.7956,1.79591,1.00,2.63
2018.05.14 04:21:22.685,1.7956,1.7959,1.00,1.88
2018.05.14 04:21:24.286,1.79559,1.7959,1.50,1.31
2018.05.14 04:21:24.594,1.79559,1.79592,1.50,3.00
2018.05.14 04:21:24.883,1.7956,1.7959,1.00,1.38
2018.05.14 04:21:25.447,1.79561,1.79591,1.12,1.38
2018.05.14 04:21:25.573,1.79561,1.79592,1.00,2.63
2018.05.14 04:21:26.751,1.79561,1.79591,1.12,1.38
2018.05.14 04:21:26.970,1.79563,1.79592,1.00,1.88
2018.05.14 04:21:27.286,1.79561,1.79592,1.50,3.00
2018.05.14 04:21:27.490,1.79561,1.79592,1.50,2.63
2018.05.14 04:21:28.010,1.79562,1.79591,1.00,1.25
2018.05.14 04:21:28.760,1.79561,1.79592,1.00,2.63
2018.05.14 04:21:29.744,1.79561,1.79591,1.37,1.44
2018.05.14 04:21:30.289,1.79562,1.79592,1.00,3.38
2018.05.14 04:21:33.348,1.7956,1.79592,1.25,2.63
2018.05.14 04:21:33.399,1.7956,1.79592,1.00,2.63
2018.05.14 04:21:33.933,1.7956,1.79589,1.00,1.38
2018.05.14 04:21:34.986,1.7956,1.79589,1.00,1.00
2018.05.14 04:21:35.597,1.7956,1.79589,1.00,1.44
2018.05.14 04:21:36.442,1.7956,1.79588,1.00,1.44
2018.05.14 04:21:36.745,1.7956,1.79589,1.00,1.25
2018.05.14 04:21:40.287,1.7956,1.79588,1.00,1.00
2018.05.14 04:21:41.254,1.7956,1.79589,1.00,1.25
2018.05.14 04:21:44.254,1.7956,1.79588,1.00,1.00
2018.05.14 04:21:44.923,1.7956,1.79589,1.00,1.25
2018.05.14 04:21:45.506,1.79561,1.79591,1.00,1.50
2018.05.14 04:21:46.507,1.79561,1.79591,1.25,1.44
2018.05.14 04:21:46.559,1.79561,1.79592,2.44,1.88
2018.05.14 04:21:46.610,1.79564,1.79593,1.00,1.25
2018.05.14 04:21:47.235,1.79562,1.79595,1.37,3.38
2018.05.14 04:21:47.287,1.79562,1.79593,1.37,1.38
2018.05.14 04:21:47.795,1.79562,1.79593,1.50,1.44
2018.05.14 04:21:48.335,1.79562,1.79592,1.81,1.00
2018.05.14 04:21:48.641,1.79566,1.79595,2.06,1.50
2018.05.14 04:21:49.214,1.79566,1.79595,1.87,1.00
2018.05.14 04:21:50.323,1.79567,1.79595,1.00,1.50
2018.05.14 04:21:50.860,1.79566,1.79595,1.50,1.50
2018.05.14 04:21:53.702,1.79567,1.79595,1.00,1.69
2018.05.14 04:21:54.873,1.79566,1.79597,2.25,1.00
2018.05.14 04:21:54.925,1.79566,1.79597,2.44,1.00
2018.05.14 04:21:55.233,1.79572,1.79597,1.00,1.00
2018.05.14 04:21:55.563,1.79572,1.79599,1.75,1.25
2018.05.14 04:21:55.716,1.79572,1.79599,1.00,1.00
2018.05.14 04:21:56.066,1.79576,1.79603,1.25,1.00
2018.05.14 04:21:56.272,1.79583,1.79611,1.00,1.00
2018.05.14 04:21:56.374,1.79583,1.79613,1.00,1.12
2018.05.14 04:21:56.772,1.79583,1.79613,1.00,1.56
2018.05.14 04:21:56.874,1.79583,1.79614,1.00,1.31
2018.05.14 04:21:57.283,1.79583,1.79614,1.00,1.13
2018.05.14 04:21:57.590,1.7958,1.79611,1.50,1.13
2018.05.14 04:21:58.099,1.7958,1.79611,1.00,1.44
2018.05.14 04:21:58.653,1.7958,1.79611,1.00,1.44
2018.05.14 04:21:59.218,1.7958,1.79611,1.00,1.19
2018.05.14 04:21:59.423,1.7958,1.79611,1.37,1.00
2018.05.14 04:21:59.579,1.79582,1.79615,1.50,2.63
2018.05.14 04:21:59.630,1.79582,1.79615,1.87,2.06
2018.05.14 04:22:00.103,1.79583,1.79614,1.00,1.44
2018.05.14 04:22:00.408,1.79584,1.79614,1.00,1.50
2018.05.14 04:22:00.510,1.79584,1.79614,1.00,1.38
2018.05.14 04:22:00.562,1.79582,1.79615,1.87,2.25
2018.05.14 04:22:01.072,1.79584,1.79614,1.00,1.50
2018.05.14 04:22:01.426,1.79584,1.79615,1.00,2.25
2018.05.14 04:22:01.477,1.79582,1.79615,1.87,2.25
2018.05.14 04:22:01.990,1.79583,1.79614,1.00,1.38
2018.05.14 04:22:02.633,1.79583,1.79614,1.12,1.13
2018.05.14 04:22:02.735,1.79583,1.79615,1.12,2.25
2018.05.14 04:22:03.307,1.79583,1.79615,1.00,1.50
2018.05.14 04:22:03.872,1.79583,1.79615,1.12,1.75
2018.05.14 04:22:04.177,1.79583,1.79614,1.00,1.88
2018.05.14 04:22:04.279,1.79583,1.79614,1.12,2.25
2018.05.14 04:22:04.509,1.79583,1.79614,1.00,1.38
2018.05.14 04:22:04.680,1.79583,1.79614,1.00,1.50
2018.05.14 04:22:04.986,1.79583,1.79614,1.00,1.38
2018.05.14 04:22:05.291,1.79583,1.79614,1.00,2.25
2018.05.14 04:22:05.393,1.79583,1.79614,1.00,1.88
2018.05.14 04:22:06.111,1.79583,1.79614,1.00,1.69
2018.05.14 04:22:06.236,1.79583,1.79614,1.00,2.25
2018.05.14 04:22:06.847,1.79583,1.79614,1.00,2.25
2018.05.14 04:22:07.394,1.79583,1.79614,1.00,1.38
2018.05.14 04:22:07.944,1.79583,1.79614,1.00,1.88
2018.05.14 04:22:08.469,1.79584,1.79615,1.00,3.75
2018.05.14 04:22:09.072,1.79584,1.79614,1.00,1.88
2018.05.14 04:22:09.430,1.79586,1.79614,1.00,1.38
2018.05.14 04:22:10.265,1.79586,1.79615,1.00,1.38
2018.05.14 04:22:10.367,1.79584,1.79615,1.00,1.38
2018.05.14 04:22:10.679,1.79584,1.79615,1.00,1.75
2018.05.14 04:22:11.341,1.79584,1.79613,1.00,1.00
2018.05.14 04:22:12.264,1.79584,1.79612,1.00,1.00
2018.05.14 04:22:14.466,1.79584,1.79615,1.00,1.38
2018.05.14 04:22:15.143,1.79584,1.79616,1.00,2.63
2018.05.14 04:22:15.453,1.79572,1.79601,1.00,1.50
2018.05.14 04:22:15.504,1.79571,1.79601,1.00,1.87
2018.05.14 04:22:17.291,1.79571,1.79601,1.00,2.25
2018.05.14 04:22:19.589,1.79571,1.79601,1.00,1.00
2018.05.14 04:22:27.881,1.79571,1.79601,1.50,1.69
2018.05.14 04:22:30.111,1.79571,1.79601,1.75,1.50
2018.05.14 04:22:30.620,1.79573,1.79601,1.50,1.50
2018.05.14 04:22:31.954,1.79573,1.79601,1.88,1.50
2018.05.14 04:22:32.006,1.79573,1.79604,2.63,1.50
2018.05.14 04:22:32.312,1.79576,1.79604,1.37,1.50
2018.05.14 04:22:32.878,1.79576,1.79604,1.88,1.00
2018.05.14 04:22:33.036,1.79576,1.79604,1.00,1.00
2018.05.14 04:22:33.169,1.79573,1.79604,1.00,1.00
2018.05.14 04:22:34.660,1.79573,1.79602,1.00,1.00
2018.05.14 04:22:40.463,1.79573,1.79604,1.50,1.50
2018.05.14 04:22:42.870,1.79573,1.79604,1.88,1.87
2018.05.14 04:22:43.775,1.79578,1.79604,1.00,1.00
2018.05.14 04:22:50.466,1.79576,1.79604,1.00,1.87
2018.05.14 04:22:52.439,1.79573,1.79604,1.38,1.87
2018.05.14 04:22:53.110,1.79573,1.79604,1.88,1.00
2018.05.14 04:22:54.224,1.79573,1.79604,1.88,1.87
2018.05.14 04:22:54.276,1.79573,1.79604,1.88,1.50
2018.05.14 04:22:56.260,1.79576,1.79604,1.00,1.00
2018.05.14 04:22:59.059,1.79574,1.79604,1.44,1.12
2018.05.14 04:22:59.625,1.79573,1.79603,1.38,1.00
2018.05.14 04:23:00.149,1.79573,1.79604,1.38,1.50
2018.05.14 04:23:00.459,1.79587,1.79615,1.88,1.00
2018.05.14 04:23:00.511,1.79587,1.79616,1.50,1.50
2018.05.14 04:23:00.562,1.79589,1.79616,1.37,1.00
2018.05.14 04:23:01.149,1.79589,1.79616,1.37,1.00
2018.05.14 04:23:01.542,1.79589,1.79616,1.37,1.37
2018.05.14 04:23:01.645,1.79589,1.79616,1.37,1.00
2018.05.14 04:23:02.234,1.79589,1.79616,1.37,1.00
2018.05.14 04:23:02.738,1.79589,1.79616,1.37,1.00
2018.05.14 04:23:04.918,1.7959,1.7962,1.37,1.44
2018.05.14 04:23:05.020,1.79591,1.7962,1.00,1.38
2018.05.14 04:23:05.277,1.79593,1.7962,1.00,1.00
2018.05.14 04:23:05.329,1.79596,1.79622,1.00,1.31
2018.05.14 04:23:05.482,1.79599,1.79628,1.25,1.00
2018.05.14 04:23:05.558,1.79602,1.79628,1.00,1.00
2018.05.14 04:23:05.876,1.79597,1.79629,2.81,1.38
2018.05.14 04:23:05.978,1.79597,1.79629,1.00,1.88
2018.05.14 04:23:06.080,1.79596,1.79629,2.25,2.25
2018.05.14 04:23:06.449,1.79602,1.7963,1.00,1.88
2018.05.14 04:23:06.991,1.796,1.79629,1.00,1.38
2018.05.14 04:23:07.297,1.79596,1.79627,1.00,1.50
2018.05.14 04:23:07.929,1.79596,1.79626,1.00,1.50
2018.05.14 04:23:08.160,1.79599,1.79627,1.00,1.69
2018.05.14 04:23:08.364,1.79597,1.79627,1.00,1.69
2018.05.14 04:23:08.466,1.79597,1.79627,1.00,1.13
2018.05.14 04:23:09.253,1.79597,1.79626,1.00,1.13
2018.05.14 04:23:09.909,1.79597,1.79627,1.00,1.13
2018.05.14 04:23:10.247,1.79597,1.79628,1.63,1.31
2018.05.14 04:23:10.560,1.79601,1.7963,1.00,1.50
2018.05.14 04:23:10.815,1.79601,1.7963,1.00,1.13
2018.05.14 04:23:12.728,1.79601,1.7963,1.00,1.88
2018.05.14 04:23:13.459,1.79602,1.7963,1.00,1.44
2018.05.14 04:23:14.764,1.79602,1.7963,1.00,1.69
2018.05.14 04:23:15.416,1.79602,1.7963,1.00,1.88
2018.05.14 04:23:17.488,1.79602,1.7963,1.00,1.25
2018.05.14 04:23:17.590,1.79602,1.7963,1.00,1.38
2018.05.14 04:23:18.501,1.79602,1.7963,1.00,1.19
2018.05.14 04:23:19.178,1.79602,1.7963,1.00,1.13
2018.05.14 04:23:20.795,1.79602,1.7963,1.00,1.38
2018.05.14 04:23:23.415,1.79602,1.79631,1.00,1.25
2018.05.14 04:23:23.950,1.79602,1.7963,1.00,1.00
2018.05.14 04:23:26.026,1.79602,1.7963,1.00,1.44
2018.05.14 04:23:26.513,1.79602,1.7963,1.00,1.38
2018.05.14 04:23:27.017,1.79602,1.7963,1.00,1.38
2018.05.14 04:23:28.130,1.79602,1.7963,1.00,1.88
2018.05.14 04:23:28.686,1.79602,1.7963,1.00,1.38
2018.05.14 04:23:28.738,1.79602,1.79631,1.00,1.50
2018.05.14 04:23:28.789,1.79604,1.79631,1.00,1.19
2018.05.14 04:23:29.499,1.79605,1.79631,1.00,1.13
2018.05.14 04:23:29.726,1.79605,1.79634,1.00,3.00
2018.05.14 04:23:30.265,1.79606,1.79634,1.00,3.00
2018.05.14 04:23:33.399,1.79606,1.79634,1.00,1.69
2018.05.14 04:23:33.502,1.79608,1.79636,1.00,2.25
2018.05.14 04:23:34.122,1.79608,1.79636,1.00,2.25
2018.05.14 04:23:34.224,1.79608,1.79636,1.00,2.25
2018.05.14 04:23:34.362,1.79608,1.79636,1.00,2.25
2018.05.14 04:23:34.731,1.79608,1.79636,1.00,2.25
2018.05.14 04:23:35.438,1.79608,1.79636,1.00,3.00
2018.05.14 04:23:36.216,1.79608,1.79635,1.00,1.44
2018.05.14 04:23:36.267,1.79608,1.79636,1.00,2.25
2018.05.14 04:23:36.319,1.79603,1.79633,1.00,1.75
2018.05.14 04:23:36.961,1.79603,1.79633,1.00,1.75
2018.05.14 04:23:37.498,1.79603,1.79633,1.00,1.75
2018.05.14 04:23:37.549,1.79603,1.79634,1.00,2.25
2018.05.14 04:23:37.804,1.79601,1.79628,1.00,1.38
2018.05.14 04:23:41.860,1.79599,1.79628,1.00,1.38
2018.05.14 04:23:42.318,1.79599,1.79628,1.00,1.25
2018.05.14 04:23:43.266,1.79599,1.79628,1.00,1.50
2018.05.14 04:23:43.532,1.79599,1.79629,1.00,1.50
2018.05.14 04:23:45.587,1.79598,1.79629,1.13,2.06
2018.05.14 04:23:46.345,1.79598,1.79628,1.25,1.25
2018.05.14 04:23:47.124,1.79597,1.79627,1.00,1.75
2018.05.14 04:23:47.432,1.79591,1.79618,1.12,1.00
2018.05.14 04:23:47.535,1.79592,1.79621,1.12,2.44
2018.05.14 04:23:48.080,1.79591,1.7962,1.12,1.00
2018.05.14 04:23:48.593,1.7959,1.7962,1.50,1.00
2018.05.14 04:23:49.366,1.7959,1.7962,1.00,1.00
2018.05.14 04:23:51.611,1.7959,1.7962,1.00,1.50
2018.05.14 04:23:52.282,1.7959,1.79618,1.00,1.00
2018.05.14 04:23:54.494,1.7959,1.7962,1.00,1.31
2018.05.14 04:23:55.114,1.7959,1.7962,1.00,1.81
2018.05.14 04:23:55.918,1.7959,1.7962,1.00,1.31
2018.05.14 04:23:57.034,1.7959,1.79619,1.00,1.13
2018.05.14 04:23:57.381,1.79589,1.79617,1.00,1.19
2018.05.14 04:23:57.484,1.79587,1.79618,1.50,1.19
2018.05.14 04:23:57.702,1.79587,1.79616,1.50,1.44
2018.05.14 04:23:58.227,1.79587,1.79616,1.50,1.25
2018.05.14 04:23:58.763,1.79589,1.79619,1.00,2.00
2018.05.14 04:23:59.383,1.79589,1.79618,1.00,1.44
2018.05.14 04:23:59.887,1.79589,1.79617,1.00,1.44
2018.05.14 04:24:00.222,1.79592,1.79618,1.00,1.88
2018.05.14 04:24:00.869,1.79592,1.79618,1.00,1.88
2018.05.14 04:24:01.419,1.79592,1.79618,1.00,1.75
2018.05.14 04:24:02.192,1.79592,1.79618,1.00,1.50
2018.05.14 04:24:02.694,1.79592,1.79618,1.00,1.75
2018.05.14 04:24:04.875,1.79592,1.79617,1.00,1.00
2018.05.14 04:24:05.168,1.79594,1.79617,1.00,1.00
2018.05.14 04:24:05.843,1.79594,1.79618,1.00,1.50
2018.05.14 04:24:06.839,1.79594,1.79618,1.00,1.81
2018.05.14 04:24:07.506,1.79594,1.79618,1.00,1.31
2018.05.14 04:24:08.192,1.79594,1.79618,1.00,2.06
2018.05.14 04:24:08.946,1.79594,1.79618,1.00,1.31
2018.05.14 04:24:10.463,1.79594,1.79618,1.00,2.25
2018.05.14 04:24:10.775,1.79588,1.79611,1.00,1.37
2018.05.14 04:24:10.878,1.79588,1.79612,1.00,1.00
2018.05.14 04:24:11.381,1.79588,1.79611,1.00,1.00
2018.05.14 04:24:12.023,1.79588,1.79612,1.00,1.31
2018.05.14 04:24:12.535,1.79588,1.79611,1.00,1.00
2018.05.14 04:24:12.864,1.79582,1.79612,1.00,2.06
2018.05.14 04:24:14.215,1.79582,1.79611,1.00,1.00
2018.05.14 04:24:18.046,1.79582,1.79611,1.62,1.00
2018.05.14 04:24:18.476,1.79586,1.79611,1.00,1.00
2018.05.14 04:24:18.527,1.79582,1.79611,1.12,1.00
2018.05.14 04:24:21.323,1.79582,1.79612,1.12,1.00
2018.05.14 04:24:23.086,1.79582,1.79611,1.00,1.00
2018.05.14 04:24:23.610,1.79581,1.79611,1.00,2.25
2018.05.14 04:24:24.203,1.79581,1.79611,1.00,2.25
2018.05.14 04:24:24.255,1.79581,1.79611,1.00,1.69
2018.05.14 04:24:25.432,1.79581,1.79611,1.00,2.25
2018.05.14 04:24:26.019,1.79581,1.79611,1.00,1.69
2018.05.14 04:24:26.094,1.79579,1.79611,1.00,1.69
2018.05.14 04:24:26.480,1.79579,1.79611,1.12,2.25
2018.05.14 04:24:26.645,1.79579,1.79611,1.00,1.88
2018.05.14 04:24:26.697,1.79579,1.79609,1.00,1.37
2018.05.14 04:24:26.969,1.79573,1.79604,2.25,1.37
2018.05.14 04:24:27.573,1.79573,1.79602,1.50,1.12
2018.05.14 04:24:27.844,1.79573,1.79602,1.94,1.00
2018.05.14 04:24:28.102,1.79573,1.79605,1.94,1.00
2018.05.14 04:24:28.643,1.79573,1.79605,2.63,1.00
2018.05.14 04:24:29.304,1.79575,1.79605,1.13,1.00
2018.05.14 04:24:29.824,1.79574,1.79605,1.88,1.00
2018.05.14 04:24:30.497,1.79574,1.79605,1.50,1.00
2018.05.14 04:24:31.681,1.79574,1.79605,1.13,1.00
2018.05.14 04:24:32.453,1.79574,1.79605,1.50,1.00
2018.05.14 04:24:33.025,1.79574,1.79605,1.13,1.00
2018.05.14 04:24:33.665,1.79574,1.79605,1.50,1.00
2018.05.14 04:24:34.433,1.79574,1.79605,1.13,1.00
2018.05.14 04:24:35.001,1.79574,1.79605,1.38,1.00
2018.05.14 04:24:36.041,1.79574,1.79605,1.94,1.00
2018.05.14 04:24:36.556,1.79577,1.79607,1.88,1.37
2018.05.14 04:24:36.657,1.79577,1.79608,1.50,2.25
2018.05.14 04:24:37.183,1.79577,1.79608,1.37,2.81
2018.05.14 04:24:37.284,1.79577,1.79607,1.69,1.25
2018.05.14 04:24:38.709,1.79577,1.79608,1.37,2.44
2018.05.14 04:24:39.415,1.79577,1.79608,1.37,2.44
2018.05.14 04:24:39.666,1.79577,1.79605,1.00,1.00
2018.05.14 04:24:40.313,1.79577,1.79604,1.63,1.00
2018.05.14 04:24:41.686,1.79577,1.79604,1.12,1.00
2018.05.14 04:24:43.365,1.79577,1.79605,1.12,1.00
2018.05.14 04:24:44.773,1.79577,1.79605,1.63,1.50
2018.05.14 04:24:45.274,1.79577,1.79605,1.12,1.00
2018.05.14 04:24:45.813,1.79577,1.79605,1.63,1.50
2018.05.14 04:24:47.557,1.79577,1.79608,1.12,1.69
2018.05.14 04:24:48.245,1.79577,1.79608,1.63,2.06
2018.05.14 04:24:49.221,1.79577,1.79608,1.12,1.69
2018.05.14 04:24:49.761,1.79577,1.79608,1.63,2.06
2018.05.14 04:24:49.966,1.79577,1.79608,1.69,2.06
2018.05.14 04:24:50.512,1.79575,1.79606,1.13,1.00
2018.05.14 04:24:51.215,1.79576,1.79606,1.13,1.00
2018.05.14 04:24:55.374,1.79575,1.79606,1.69,1.00
2018.05.14 04:24:55.965,1.79575,1.79606,1.94,1.00
2018.05.14 04:24:56.496,1.79575,1.79606,1.69,1.00
2018.05.14 04:24:57.261,1.79575,1.79606,2.25,1.00
2018.05.14 04:24:57.765,1.79575,1.79606,1.69,1.00
2018.05.14 04:24:58.680,1.79575,1.79606,2.25,1.00
2018.05.14 04:25:01.960,1.79575,1.79608,1.13,1.49
2018.05.14 04:25:02.601,1.79575,1.79606,1.13,1.00
2018.05.14 04:25:03.116,1.79575,1.79606,1.88,1.00
2018.05.14 04:25:03.959,1.79575,1.79605,1.13,1.00
2018.05.14 04:25:05.371,1.79575,1.79607,1.13,1.12
2018.05.14 04:25:06.072,1.79575,1.79606,1.13,1.00
2018.05.14 04:25:08.748,1.79573,1.79606,3.00,1.00
2018.05.14 04:25:09.333,1.79573,1.79606,2.63,1.00
2018.05.14 04:25:10.899,1.79573,1.79606,2.25,1.00
2018.05.14 04:25:11.002,1.79573,1.79606,2.81,1.25
2018.05.14 04:25:11.755,1.79573,1.79606,2.25,1.38
2018.05.14 04:25:11.936,1.79573,1.79606,2.25,1.44
2018.05.14 04:25:12.135,1.79573,1.79606,2.06,1.44
2018.05.14 04:25:13.741,1.79573,1.79606,2.06,1.00
2018.05.14 04:25:13.860,1.79575,1.79606,1.00,1.00
2018.05.14 04:25:14.566,1.79574,1.79605,1.00,1.00
2018.05.14 04:25:14.879,1.79574,1.79605,1.50,1.00
2018.05.14 04:25:15.409,1.79574,1.79605,1.37,1.00
2018.05.14 04:25:16.231,1.79574,1.79605,1.50,1.00
2018.05.14 04:25:16.892,1.79574,1.79605,1.37,1.00
2018.05.14 04:25:17.496,1.79574,1.79605,1.50,1.25
2018.05.14 04:25:17.547,1.79574,1.79605,1.12,1.00
2018.05.14 04:25:18.944,1.79574,1.79605,1.12,1.30
2018.05.14 04:25:19.695,1.79574,1.79605,1.00,1.00
2018.05.14 04:25:20.734,1.79574,1.79605,1.12,1.42
2018.05.14 04:25:21.344,1.79574,1.79605,1.00,1.00
2018.05.14 04:25:22.106,1.79574,1.79605,1.12,1.42
2018.05.14 04:25:22.798,1.79574,1.79605,1.00,1.23
2018.05.14 04:25:23.324,1.79574,1.79605,1.12,1.42
2018.05.14 04:25:23.987,1.79574,1.79605,1.12,1.23
2018.05.14 04:25:24.531,1.79574,1.79605,1.37,1.00
2018.05.14 04:25:25.241,1.79574,1.79605,1.37,1.38
2018.05.14 04:25:25.826,1.79574,1.79605,1.37,1.38
2018.05.14 04:25:26.206,1.79574,1.79605,1.37,1.13
2018.05.14 04:25:26.257,1.79574,1.79605,1.37,1.38
2018.05.14 04:25:26.410,1.79574,1.79605,1.37,1.25
2018.05.14 04:25:26.748,1.79574,1.79605,1.81,1.38
2018.05.14 04:25:26.850,1.79574,1.79605,1.63,1.13
2018.05.14 04:25:27.005,1.79574,1.79605,1.81,1.44
2018.05.14 04:25:27.150,1.79574,1.79605,1.63,1.25
2018.05.14 04:25:30.238,1.79574,1.79605,2.62,1.17
2018.05.14 04:25:30.401,1.79574,1.79605,2.62,1.80
2018.05.14 04:25:30.915,1.79574,1.79605,1.87,1.60
2018.05.14 04:25:31.156,1.79574,1.79605,2.62,1.11
2018.05.14 04:25:31.668,1.79574,1.79605,1.87,1.23
2018.05.14 04:25:32.172,1.79574,1.79605,2.81,1.42
2018.05.14 04:25:32.668,1.79574,1.79602,1.00,1.23
2018.05.14 04:25:32.721,1.79574,1.79602,1.00,1.37
2018.05.14 04:25:32.927,1.79575,1.79603,1.94,1.00
2018.05.14 04:25:32.979,1.79577,1.79606,1.12,1.00
2018.05.14 04:25:33.153,1.79576,1.79606,1.00,1.36
2018.05.14 04:25:33.686,1.79572,1.79604,2.00,1.44
2018.05.14 04:25:37.316,1.79571,1.79603,1.75,1.88
2018.05.14 04:25:38.278,1.79571,1.79603,1.63,1.88
2018.05.14 04:25:38.329,1.79571,1.79603,2.06,1.88
2018.05.14 04:25:38.381,1.79572,1.796,1.31,1.00
2018.05.14 04:25:38.433,1.79571,1.796,1.37,1.44
2018.05.14 04:25:38.955,1.79572,1.796,1.00,1.25
2018.05.14 04:25:39.860,1.79572,1.79599,1.00,1.00
2018.05.14 04:25:42.320,1.79572,1.79599,1.12,1.38
2018.05.14 04:25:42.422,1.79569,1.79599,1.25,1.38
2018.05.14 04:25:42.946,1.7957,1.796,1.00,1.38
2018.05.14 04:25:46.821,1.7957,1.796,1.00,1.38
2018.05.14 04:25:47.396,1.7957,1.796,1.25,1.25
2018.05.14 04:25:47.498,1.79572,1.796,1.00,1.69
2018.05.14 04:25:48.488,1.79575,1.796,1.00,1.69
2018.05.14 04:25:50.107,1.79575,1.796,1.00,1.38
2018.05.14 04:25:50.633,1.79575,1.796,1.37,1.69
2018.05.14 04:25:51.176,1.79575,1.796,1.37,1.50
2018.05.14 04:25:51.816,1.79575,1.796,1.37,1.69
2018.05.14 04:25:51.969,1.79578,1.79608,1.00,2.25
2018.05.14 04:25:52.021,1.79578,1.79606,1.00,1.75
2018.05.14 04:25:52.072,1.79576,1.79599,1.00,1.38
2018.05.14 04:25:52.174,1.79575,1.796,1.00,1.13
2018.05.14 04:25:52.270,1.79572,1.79599,1.00,1.13
2018.05.14 04:25:52.380,1.79572,1.79599,1.00,1.81
2018.05.14 04:25:52.482,1.79572,1.79602,1.00,1.75
2018.05.14 04:25:53.660,1.7957,1.79602,1.00,1.88
2018.05.14 04:25:54.248,1.7957,1.79602,1.00,1.75
2018.05.14 04:25:54.772,1.7957,1.79602,1.00,1.75
2018.05.14 04:25:55.293,1.7957,1.79601,1.00,1.13
2018.05.14 04:25:55.571,1.7957,1.796,1.00,1.25
2018.05.14 04:25:55.689,1.7957,1.79602,1.00,1.88
2018.05.14 04:25:56.024,1.79572,1.79602,1.00,1.88
2018.05.14 04:25:56.576,1.79572,1.79602,1.00,2.25
2018.05.14 04:25:56.990,1.79572,1.79602,1.12,1.50
2018.05.14 04:25:57.549,1.79572,1.79602,1.12,1.50
2018.05.14 04:26:00.076,1.79572,1.79602,1.00,1.50
2018.05.14 04:26:00.585,1.79571,1.79602,1.00,2.25
2018.05.14 04:26:01.148,1.79571,1.79602,1.00,2.25
2018.05.14 04:26:08.256,1.79571,1.79599,1.00,1.44
2018.05.14 04:26:08.860,1.79569,1.79599,1.00,1.44
2018.05.14 04:26:11.245,1.79569,1.79599,1.00,1.38
2018.05.14 04:26:12.295,1.79569,1.79599,1.00,1.38
2018.05.14 04:26:13.411,1.79569,1.79599,1.00,1.50
2018.05.14 04:26:13.983,1.7957,1.79599,1.00,1.75
2018.05.14 04:26:16.152,1.7957,1.79601,1.00,1.88
2018.05.14 04:26:16.204,1.79567,1.796,3.00,1.75
2018.05.14 04:26:16.471,1.79567,1.796,4.69,1.75
2018.05.14 04:26:17.020,1.79568,1.796,1.00,1.75
2018.05.14 04:26:17.553,1.79567,1.796,4.69,1.88
2018.05.14 04:26:17.993,1.79569,1.796,1.00,1.13
2018.05.14 04:26:18.510,1.79569,1.79602,1.00,2.25
2018.05.14 04:26:19.394,1.79569,1.79601,1.00,1.13
2018.05.14 04:26:20.028,1.79569,1.79602,1.00,2.25
2018.05.14 04:26:20.080,1.79569,1.79601,1.00,1.13
2018.05.14 04:26:21.606,1.79569,1.796,1.00,1.13
2018.05.14 04:26:22.141,1.79569,1.79598,1.00,1.00
2018.05.14 04:26:26.182,1.79569,1.796,1.25,1.38
2018.05.14 04:26:26.233,1.79569,1.79602,1.63,2.25
2018.05.14 04:26:26.285,1.79572,1.79602,1.00,1.38
2018.05.14 04:26:26.798,1.79571,1.79602,1.00,1.88
2018.05.14 04:26:27.347,1.7957,1.79601,1.12,1.88
2018.05.14 04:26:28.253,1.7957,1.79601,1.00,1.38
2018.05.14 04:26:28.773,1.7957,1.79601,1.12,1.38
2018.05.14 04:26:29.303,1.7957,1.79601,1.00,1.38
2018.05.14 04:26:29.804,1.7957,1.79601,1.12,1.38
2018.05.14 04:26:30.432,1.7957,1.79601,1.12,1.38
2018.05.14 04:26:32.649,1.7957,1.79601,1.00,1.38
2018.05.14 04:26:33.639,1.7957,1.79601,1.00,1.38
2018.05.14 04:26:34.352,1.7957,1.79601,1.12,1.38
