2016.10.24 15:00:00.355,1.60507,1.60518,1.00,1.00
2016.10.24 15:00:00.415,1.6049,1.60518,1.12,1.50
2016.10.24 15:00:00.668,1.60493,1.60518,1.50,1.00
2016.10.24 15:00:01.119,1.60495,1.60518,1.00,1.00
2016.10.24 15:00:01.521,1.60497,1.60519,1.00,1.00
2016.10.24 15:00:01.573,1.60497,1.60524,1.00,1.00
2016.10.24 15:00:01.624,1.60495,1.60527,1.50,2.25
2016.10.24 15:00:01.674,1.60496,1.60524,1.00,1.00
2016.10.24 15:00:02.025,1.60495,1.60526,1.75,1.00
2016.10.24 15:00:02.550,1.60495,1.60526,1.50,1.12
2016.10.24 15:00:02.945,1.60502,1.6053,1.00,1.50
2016.10.24 15:00:03.485,1.60499,1.60525,1.37,1.00
2016.10.24 15:00:03.536,1.60497,1.60525,1.00,1.12
2016.10.24 15:00:03.956,1.60498,1.60523,1.00,1.00
2016.10.24 15:00:04.259,1.60488,1.60515,1.75,1.00
2016.10.24 15:00:04.310,1.60488,1.60517,1.00,1.50
2016.10.24 15:00:04.461,1.6049,1.60517,1.00,1.00
2016.10.24 15:00:04.818,1.60502,1.60522,1.50,1.37
2016.10.24 15:00:04.894,1.60503,1.6053,1.00,1.00
2016.10.24 15:00:04.945,1.60503,1.60533,1.00,1.00
2016.10.24 15:00:05.990,1.60503,1.60528,1.00,1.50
2016.10.24 15:00:06.343,1.60502,1.6053,1.00,1.12
2016.10.24 15:00:06.862,1.60502,1.60529,1.50,1.00
2016.10.24 15:00:06.963,1.60512,1.6053,1.00,1.12
2016.10.24 15:00:07.014,1.60512,1.60533,1.00,1.50
2016.10.24 15:00:07.065,1.60507,1.60533,1.00,1.00
2016.10.24 15:00:07.166,1.60507,1.60536,1.75,1.12
2016.10.24 15:00:07.713,1.60505,1.60533,1.46,1.50
2016.10.24 15:00:07.817,1.60503,1.60532,1.34,1.50
2016.10.24 15:00:07.868,1.60501,1.60527,1.34,1.00
2016.10.24 15:00:08.020,1.60501,1.60527,1.00,1.00
2016.10.24 15:00:08.222,1.60497,1.60525,1.50,1.00
2016.10.24 15:00:08.591,1.60497,1.60527,1.50,1.00
2016.10.24 15:00:08.693,1.60497,1.60522,1.00,1.00
2016.10.24 15:00:08.744,1.60499,1.60527,1.00,1.00
2016.10.24 15:00:08.845,1.60499,1.60523,1.00,1.00
2016.10.24 15:00:10.555,1.60501,1.60526,1.37,1.00
2016.10.24 15:00:10.606,1.60502,1.60529,1.37,1.00
2016.10.24 15:00:11.113,1.60502,1.60528,1.00,1.00
2016.10.24 15:00:11.583,1.60507,1.60527,1.00,1.00
2016.10.24 15:00:11.974,1.60501,1.60527,1.00,1.00
2016.10.24 15:00:12.025,1.60501,1.60529,1.00,1.00
2016.10.24 15:00:12.076,1.60507,1.60529,1.00,1.00
2016.10.24 15:00:12.819,1.60507,1.6053,1.00,1.87
2016.10.24 15:00:12.971,1.60513,1.60539,1.50,1.00
2016.10.24 15:00:13.072,1.60509,1.60537,1.00,1.00
2016.10.24 15:00:13.173,1.60507,1.60528,1.75,1.00
2016.10.24 15:00:13.275,1.60502,1.6053,1.75,1.00
2016.10.24 15:00:13.376,1.60504,1.60532,1.00,2.25
2016.10.24 15:00:13.779,1.60502,1.60527,1.00,1.50
2016.10.24 15:00:13.830,1.60499,1.60527,1.00,1.50
2016.10.24 15:00:13.881,1.60497,1.60527,1.87,2.25
2016.10.24 15:00:13.982,1.60501,1.60526,1.00,1.00
2016.10.24 15:00:14.287,1.60506,1.60531,1.00,1.75
2016.10.24 15:00:14.388,1.60502,1.60531,1.00,1.00
2016.10.24 15:00:14.780,1.60512,1.60533,1.00,1.00
2016.10.24 15:00:14.982,1.60513,1.60539,1.00,2.62
2016.10.24 15:00:15.234,1.60516,1.60539,1.00,1.75
2016.10.24 15:00:15.437,1.60511,1.60539,2.25,1.37
2016.10.24 15:00:16.088,1.60521,1.60539,1.50,1.37
2016.10.24 15:00:16.139,1.60521,1.60553,1.50,2.25
2016.10.24 15:00:16.190,1.60521,1.60543,1.50,1.00
2016.10.24 15:00:16.292,1.60515,1.60543,1.87,1.00
2016.10.24 15:00:16.343,1.60515,1.60543,1.00,1.87
2016.10.24 15:00:16.394,1.60513,1.60543,3.75,2.25
2016.10.24 15:00:16.977,1.60511,1.60542,1.50,1.75
2016.10.24 15:00:17.230,1.60513,1.60542,1.00,1.75
2016.10.24 15:00:18.035,1.60519,1.60548,1.50,1.00
2016.10.24 15:00:18.571,1.60519,1.60549,1.50,1.50
2016.10.24 15:00:19.100,1.60518,1.60549,1.00,1.50
2016.10.24 15:00:19.783,1.60513,1.60543,3.00,1.00
2016.10.24 15:00:20.111,1.60511,1.60529,1.37,1.00
2016.10.24 15:00:20.166,1.60507,1.60529,1.00,1.00
2016.10.24 15:00:20.419,1.60502,1.60532,1.12,1.37
2016.10.24 15:00:20.470,1.60502,1.60532,1.50,1.00
2016.10.24 15:00:20.687,1.60506,1.60532,1.00,1.00
2016.10.24 15:00:21.336,1.60503,1.60532,1.12,1.00
2016.10.24 15:00:21.604,1.60507,1.60533,1.00,1.09
2016.10.24 15:00:22.287,1.60507,1.60535,1.00,1.87
2016.10.24 15:00:22.632,1.60504,1.60533,1.00,1.00
2016.10.24 15:00:22.898,1.60506,1.60534,1.00,1.00
2016.10.24 15:00:23.319,1.60515,1.6054,1.00,1.09
2016.10.24 15:00:23.522,1.60515,1.60543,1.00,1.84
2016.10.24 15:00:23.724,1.60513,1.60539,1.00,1.12
2016.10.24 15:00:24.212,1.605,1.60529,1.37,1.87
2016.10.24 15:00:24.271,1.60499,1.60529,1.50,2.25
2016.10.24 15:00:24.423,1.60501,1.60529,1.00,1.50
2016.10.24 15:00:24.524,1.60502,1.60532,1.00,2.25
2016.10.24 15:00:24.727,1.60502,1.60527,1.00,1.12
2016.10.24 15:00:25.574,1.60501,1.60528,1.00,1.50
2016.10.24 15:00:25.922,1.60497,1.60528,1.46,2.25
2016.10.24 15:00:26.024,1.60502,1.60526,1.00,1.00
2016.10.24 15:00:26.818,1.60497,1.60526,1.12,1.00
2016.10.24 15:00:27.821,1.60497,1.60523,1.12,1.00
2016.10.24 15:00:28.126,1.60496,1.60515,1.00,1.00
2016.10.24 15:00:28.329,1.60491,1.60516,1.00,1.00
2016.10.24 15:00:28.932,1.60497,1.60516,1.00,1.00
2016.10.24 15:00:30.429,1.60492,1.60516,1.00,1.00
2016.10.24 15:00:31.443,1.60486,1.60508,1.00,1.00
2016.10.24 15:00:31.544,1.60486,1.60511,1.00,1.00
2016.10.24 15:00:32.541,1.60502,1.60511,1.12,1.00
2016.10.24 15:00:32.592,1.60502,1.60526,1.50,1.00
2016.10.24 15:00:32.643,1.60502,1.60529,1.00,1.00
2016.10.24 15:00:32.946,1.60498,1.60523,1.12,1.00
2016.10.24 15:00:33.149,1.60497,1.60528,2.62,1.00
2016.10.24 15:00:33.488,1.60507,1.60531,1.00,1.00
2016.10.24 15:00:33.641,1.60507,1.60533,1.00,1.50
2016.10.24 15:00:34.148,1.60507,1.60531,1.00,1.00
2016.10.24 15:00:34.970,1.60507,1.60532,1.00,1.00
2016.10.24 15:00:35.293,1.60511,1.60532,1.00,1.00
2016.10.24 15:00:35.344,1.60509,1.60539,1.12,1.12
2016.10.24 15:00:35.395,1.60509,1.60537,1.12,1.00
2016.10.24 15:00:35.802,1.60506,1.60533,1.75,1.00
2016.10.24 15:00:36.136,1.60493,1.60523,2.25,1.50
2016.10.24 15:00:36.187,1.60495,1.60523,1.12,1.50
2016.10.24 15:00:36.288,1.60491,1.60521,1.12,1.00
2016.10.24 15:00:36.877,1.60489,1.6052,1.87,1.00
2016.10.24 15:00:37.406,1.60492,1.6052,1.00,1.00
2016.10.24 15:00:37.458,1.60489,1.6052,1.00,1.75
2016.10.24 15:00:37.560,1.60486,1.60518,1.87,1.87
2016.10.24 15:00:37.662,1.60491,1.60515,1.00,1.75
2016.10.24 15:00:37.985,1.60486,1.60513,1.00,1.37
2016.10.24 15:00:38.036,1.60482,1.60513,1.12,1.37
2016.10.24 15:00:38.138,1.60487,1.60514,1.00,1.50
2016.10.24 15:00:38.644,1.60486,1.60511,1.00,1.00
2016.10.24 15:00:39.150,1.60486,1.60509,1.00,1.00
2016.10.24 15:00:39.658,1.60486,1.6051,1.00,1.00
2016.10.24 15:00:40.346,1.60486,1.60512,1.00,1.12
2016.10.24 15:00:40.877,1.60487,1.60512,1.00,1.12
2016.10.24 15:00:41.542,1.60481,1.60512,2.62,1.50
2016.10.24 15:00:42.669,1.60482,1.60511,1.12,1.00
2016.10.24 15:00:43.181,1.60483,1.60512,1.00,1.12
2016.10.24 15:00:43.434,1.60487,1.60512,1.00,1.12
2016.10.24 15:00:44.204,1.60504,1.60521,1.00,1.00
2016.10.24 15:00:44.255,1.60504,1.60534,1.00,1.75
2016.10.24 15:00:44.583,1.60502,1.60529,1.00,1.00
2016.10.24 15:00:45.118,1.60503,1.6053,1.00,1.00
2016.10.24 15:00:45.422,1.60506,1.6053,1.50,1.00
2016.10.24 15:00:47.181,1.60506,1.60531,1.00,1.00
2016.10.24 15:00:47.730,1.60506,1.60528,1.00,1.00
2016.10.24 15:00:47.781,1.60499,1.6053,3.00,1.50
2016.10.24 15:00:48.094,1.60503,1.6053,1.00,1.00
2016.10.24 15:00:48.297,1.60501,1.60529,1.00,1.00
2016.10.24 15:00:49.088,1.60505,1.60529,1.00,1.00
2016.10.24 15:00:49.395,1.60507,1.60532,1.00,1.46
2016.10.24 15:00:50.156,1.60508,1.60532,1.00,1.46
2016.10.24 15:00:50.207,1.60513,1.60532,1.00,1.00
2016.10.24 15:00:50.258,1.60513,1.60536,1.00,2.25
2016.10.24 15:00:50.309,1.60512,1.60538,1.00,1.00
2016.10.24 15:00:50.360,1.60512,1.6054,1.00,1.87
2016.10.24 15:00:50.512,1.60509,1.60534,1.00,1.00
2016.10.24 15:00:50.563,1.60505,1.60532,1.50,1.00
2016.10.24 15:00:50.614,1.60503,1.60532,2.25,1.00
2016.10.24 15:00:50.715,1.60505,1.60532,1.00,1.00
2016.10.24 15:00:51.086,1.6051,1.60534,1.00,1.00
2016.10.24 15:00:51.170,1.60513,1.6054,1.00,1.00
2016.10.24 15:00:51.221,1.60511,1.6054,1.50,1.00
2016.10.24 15:00:51.272,1.60511,1.60538,1.50,1.00
2016.10.24 15:00:51.577,1.60508,1.60536,1.50,1.75
2016.10.24 15:00:51.831,1.60499,1.60529,1.50,1.37
2016.10.24 15:00:52.183,1.60497,1.60526,3.00,2.25
2016.10.24 15:00:53.973,1.60501,1.60526,1.00,1.75
2016.10.24 15:00:54.041,1.60496,1.60523,1.00,1.12
2016.10.24 15:00:54.685,1.60502,1.60523,1.00,1.50
2016.10.24 15:00:55.036,1.60497,1.60523,1.00,1.12
2016.10.24 15:00:55.562,1.60502,1.60524,1.00,1.50
2016.10.24 15:00:55.865,1.60498,1.60526,1.00,1.37
2016.10.24 15:00:56.383,1.60497,1.60524,1.50,1.37
2016.10.24 15:00:56.896,1.60497,1.60524,1.50,1.12
2016.10.24 15:00:57.407,1.60497,1.60523,1.00,1.00
2016.10.24 15:00:57.937,1.60497,1.60524,1.50,1.00
2016.10.24 15:00:58.804,1.60496,1.60524,2.25,1.00
2016.10.24 15:00:59.556,1.60497,1.60523,1.00,1.00
2016.10.24 15:00:59.909,1.605,1.60523,1.00,1.00
2016.10.24 15:01:00.011,1.60498,1.60524,1.50,1.00
2016.10.24 15:01:00.213,1.60498,1.60521,1.00,1.00
2016.10.24 15:01:00.550,1.60499,1.60524,1.00,1.00
2016.10.24 15:01:00.976,1.605,1.60526,1.00,1.00
2016.10.24 15:01:01.077,1.60502,1.60526,1.00,1.00
2016.10.24 15:01:01.511,1.60499,1.60523,1.50,1.00
2016.10.24 15:01:01.814,1.60501,1.60523,1.00,1.00
2016.10.24 15:01:02.218,1.60506,1.60526,1.00,1.00
2016.10.24 15:01:02.989,1.60506,1.60527,1.00,1.00
2016.10.24 15:01:03.394,1.60507,1.60529,1.00,1.00
2016.10.24 15:01:04.027,1.60507,1.6053,1.00,1.00
2016.10.24 15:01:04.077,1.60512,1.6053,1.00,1.00
2016.10.24 15:01:04.179,1.60506,1.6053,2.25,1.00
2016.10.24 15:01:04.229,1.60511,1.60532,1.00,1.00
2016.10.24 15:01:04.432,1.60519,1.60543,1.00,1.00
2016.10.24 15:01:04.584,1.60521,1.60543,1.00,1.00
2016.10.24 15:01:05.046,1.60521,1.60541,1.00,1.00
2016.10.24 15:01:05.097,1.60521,1.60545,1.00,1.50
2016.10.24 15:01:05.299,1.60521,1.60541,1.00,1.00
2016.10.24 15:01:05.401,1.60519,1.60541,1.00,1.00
2016.10.24 15:01:06.139,1.60521,1.60541,1.00,1.00
2016.10.24 15:01:06.190,1.60522,1.60544,1.00,1.12
2016.10.24 15:01:06.241,1.60525,1.60544,1.00,1.12
2016.10.24 15:01:06.444,1.60521,1.60545,1.50,1.00
2016.10.24 15:01:06.495,1.60521,1.60543,1.50,1.00
2016.10.24 15:01:06.546,1.60521,1.60543,1.00,1.00
2016.10.24 15:01:06.597,1.60518,1.60543,1.00,1.00
2016.10.24 15:01:06.699,1.60518,1.60541,1.00,1.00
2016.10.24 15:01:07.238,1.60516,1.60543,2.25,1.50
2016.10.24 15:01:07.340,1.60523,1.60543,1.00,1.50
2016.10.24 15:01:07.441,1.60522,1.60544,1.00,1.00
2016.10.24 15:01:07.543,1.60523,1.60546,1.00,1.00
2016.10.24 15:01:07.695,1.60521,1.60546,1.00,1.00
2016.10.24 15:01:07.847,1.60524,1.6055,1.00,1.84
2016.10.24 15:01:08.634,1.60527,1.60543,1.50,1.00
2016.10.24 15:01:08.786,1.60523,1.60544,1.75,1.00
2016.10.24 15:01:08.837,1.60523,1.60543,1.00,1.00
2016.10.24 15:01:08.888,1.60526,1.60543,1.00,1.00
2016.10.24 15:01:09.141,1.60522,1.60542,1.50,1.00
2016.10.24 15:01:09.242,1.60522,1.60545,1.00,1.50
2016.10.24 15:01:09.650,1.60523,1.60543,1.00,1.00
2016.10.24 15:01:09.953,1.60522,1.6054,1.00,1.00
2016.10.24 15:01:10.279,1.60519,1.60536,1.12,1.00
2016.10.24 15:01:10.631,1.60516,1.60534,1.00,1.00
2016.10.24 15:01:10.884,1.60516,1.60537,1.00,1.00
2016.10.24 15:01:10.934,1.60516,1.60537,1.75,1.00
2016.10.24 15:01:11.983,1.60513,1.6053,1.50,1.00
2016.10.24 15:01:12.045,1.60507,1.6053,1.50,1.00
2016.10.24 15:01:12.146,1.60507,1.60528,1.50,1.00
2016.10.24 15:01:12.449,1.60506,1.60532,1.50,1.00
2016.10.24 15:01:12.990,1.60506,1.60531,1.00,1.00
2016.10.24 15:01:13.193,1.60506,1.60524,1.00,1.00
2016.10.24 15:01:13.244,1.60502,1.60526,1.00,1.00
2016.10.24 15:01:13.345,1.60496,1.60524,3.37,1.00
2016.10.24 15:01:13.748,1.60497,1.60521,1.00,1.00
2016.10.24 15:01:14.255,1.60496,1.60522,1.12,1.00
2016.10.24 15:01:14.802,1.60495,1.60521,2.25,1.00
2016.10.24 15:01:15.186,1.60496,1.60518,1.12,1.00
2016.10.24 15:01:15.560,1.60495,1.60521,1.50,1.00
2016.10.24 15:01:15.713,1.60498,1.6052,1.00,1.00
2016.10.24 15:01:15.764,1.60501,1.60525,1.00,1.00
2016.10.24 15:01:15.866,1.60501,1.60523,1.00,1.00
2016.10.24 15:01:16.430,1.60498,1.6052,1.12,1.00
2016.10.24 15:01:16.481,1.60501,1.60528,1.37,1.00
2016.10.24 15:01:16.997,1.60503,1.60528,1.00,1.00
2016.10.24 15:01:17.381,1.60503,1.60533,1.00,1.12
2016.10.24 15:01:17.891,1.60503,1.60533,2.25,1.00
2016.10.24 15:01:18.348,1.60506,1.60536,1.87,1.12
2016.10.24 15:01:18.704,1.60511,1.60536,1.00,1.00
2016.10.24 15:01:18.755,1.60511,1.60538,1.00,1.00
2016.10.24 15:01:18.856,1.60511,1.60541,1.00,1.50
2016.10.24 15:01:19.209,1.60517,1.60541,1.00,1.00
2016.10.24 15:01:20.004,1.60514,1.60541,1.00,1.00
2016.10.24 15:01:20.234,1.60516,1.60541,1.00,1.00
2016.10.24 15:01:20.386,1.6052,1.60546,1.00,1.00
2016.10.24 15:01:20.437,1.6052,1.60548,1.00,1.00
2016.10.24 15:01:21.141,1.60521,1.60549,1.00,1.12
2016.10.24 15:01:21.225,1.60516,1.6054,1.12,1.00
2016.10.24 15:01:21.277,1.60511,1.6054,1.37,1.00
2016.10.24 15:01:21.429,1.60517,1.6054,1.00,1.00
2016.10.24 15:01:21.837,1.60518,1.60537,1.00,1.00
2016.10.24 15:01:21.888,1.60512,1.60537,1.00,1.00
2016.10.24 15:01:21.939,1.60512,1.60534,1.00,1.00
2016.10.24 15:01:22.041,1.60505,1.60534,1.50,1.00
2016.10.24 15:01:22.142,1.60509,1.60534,1.00,1.00
2016.10.24 15:01:22.780,1.60511,1.60538,1.00,1.87
2016.10.24 15:01:23.285,1.6051,1.60538,1.00,1.50
2016.10.24 15:01:23.437,1.60508,1.60537,1.00,1.00
2016.10.24 15:01:23.796,1.60508,1.60533,1.00,1.00
2016.10.24 15:01:23.847,1.60505,1.60533,1.50,1.00
2016.10.24 15:01:24.404,1.60503,1.60529,2.25,1.00
2016.10.24 15:01:24.776,1.60506,1.60531,1.00,1.00
2016.10.24 15:01:25.282,1.60506,1.60533,1.12,1.50
2016.10.24 15:01:25.789,1.60507,1.60533,1.00,1.50
2016.10.24 15:01:26.281,1.60507,1.60531,1.00,1.00
2016.10.24 15:01:27.059,1.60505,1.60531,1.00,2.62
2016.10.24 15:01:27.362,1.60512,1.60529,1.00,1.00
2016.10.24 15:01:27.514,1.60512,1.60532,1.00,1.00
2016.10.24 15:01:27.615,1.60512,1.60529,1.00,1.00
2016.10.24 15:01:27.932,1.60506,1.6053,1.37,1.00
2016.10.24 15:01:28.585,1.60506,1.60529,1.37,1.00
2016.10.24 15:01:29.112,1.60507,1.60527,1.00,1.00
2016.10.24 15:01:29.163,1.60502,1.60527,1.50,1.00
2016.10.24 15:01:29.365,1.60507,1.60526,1.00,1.00
2016.10.24 15:01:29.517,1.60507,1.60528,1.00,1.12
2016.10.24 15:01:29.668,1.60512,1.60528,1.00,1.12
2016.10.24 15:01:30.453,1.60512,1.60537,1.00,3.37
2016.10.24 15:01:30.504,1.60512,1.60537,1.00,1.75
2016.10.24 15:01:31.066,1.60511,1.60537,1.00,1.75
2016.10.24 15:01:32.281,1.60512,1.60536,1.00,1.75
2016.10.24 15:01:35.643,1.60511,1.60536,1.00,1.75
2016.10.24 15:01:36.761,1.60505,1.6053,1.50,1.00
2016.10.24 15:01:36.913,1.60504,1.60534,1.00,1.50
2016.10.24 15:01:36.964,1.60507,1.60534,1.00,1.50
2016.10.24 15:01:37.722,1.60508,1.60537,1.00,1.00
2016.10.24 15:01:37.873,1.60512,1.60538,1.00,1.50
2016.10.24 15:01:39.177,1.60511,1.60539,1.00,2.25
2016.10.24 15:01:39.689,1.60512,1.60537,1.00,1.12
2016.10.24 15:01:39.901,1.6051,1.60538,1.00,1.37
2016.10.24 15:01:40.230,1.6051,1.60536,1.00,1.12
2016.10.24 15:01:40.281,1.60504,1.60533,1.00,1.50
2016.10.24 15:01:40.534,1.60506,1.60536,1.00,1.75
2016.10.24 15:01:41.335,1.60506,1.60536,1.50,1.00
2016.10.24 15:01:42.367,1.60508,1.60538,1.00,1.50
2016.10.24 15:01:42.418,1.60508,1.60538,1.00,1.84
2016.10.24 15:01:42.722,1.60512,1.6054,1.50,1.09
2016.10.24 15:01:43.879,1.60511,1.6054,1.00,1.84
2016.10.24 15:01:43.980,1.60511,1.6054,1.00,1.50
2016.10.24 15:01:45.071,1.60511,1.60538,1.00,1.00
2016.10.24 15:01:45.273,1.60517,1.60541,1.00,1.09
2016.10.24 15:01:46.181,1.60514,1.60541,1.00,1.09
2016.10.24 15:01:46.282,1.60512,1.60541,1.00,1.09
2016.10.24 15:01:46.788,1.60513,1.60541,1.00,1.09
2016.10.24 15:01:47.481,1.60512,1.6054,1.50,1.50
2016.10.24 15:01:48.818,1.60514,1.60544,1.00,2.59
2016.10.24 15:01:48.869,1.60512,1.60544,1.12,3.34
2016.10.24 15:01:49.591,1.60514,1.60544,1.00,2.59
2016.10.24 15:01:52.086,1.60516,1.60544,1.00,1.84
2016.10.24 15:01:52.187,1.60516,1.60545,1.50,1.12
2016.10.24 15:01:52.288,1.60513,1.6054,1.12,1.00
2016.10.24 15:01:52.592,1.60516,1.60545,1.50,1.50
2016.10.24 15:01:52.693,1.60516,1.60543,1.00,1.00
2016.10.24 15:01:53.058,1.60516,1.60545,1.00,1.50
2016.10.24 15:01:53.363,1.60512,1.60539,1.50,1.75
2016.10.24 15:01:53.565,1.6051,1.60541,1.50,1.00
2016.10.24 15:01:53.768,1.60513,1.60543,1.50,1.00
2016.10.24 15:01:54.491,1.6051,1.60533,1.00,1.00
2016.10.24 15:01:54.542,1.60501,1.60531,1.50,1.50
2016.10.24 15:01:54.694,1.60501,1.60528,1.00,1.00
2016.10.24 15:01:54.896,1.60501,1.60531,1.50,2.25
2016.10.24 15:01:55.649,1.60502,1.60531,1.00,1.87
2016.10.24 15:01:56.198,1.60502,1.60528,1.00,1.00
2016.10.24 15:01:56.928,1.60501,1.60528,1.00,1.00
2016.10.24 15:01:57.595,1.60499,1.60528,1.00,1.50
2016.10.24 15:01:58.359,1.60502,1.60529,1.00,1.00
2016.10.24 15:01:58.431,1.60502,1.60531,1.00,1.87
2016.10.24 15:01:59.484,1.60499,1.60527,1.00,1.00
2016.10.24 15:01:59.787,1.60501,1.60527,1.00,1.00
2016.10.24 15:02:00.033,1.60499,1.60527,1.00,1.00
2016.10.24 15:02:00.186,1.60499,1.60521,1.00,1.00
2016.10.24 15:02:00.528,1.60501,1.6053,1.00,1.12
2016.10.24 15:02:00.680,1.60501,1.60527,1.00,1.00
2016.10.24 15:02:01.241,1.60502,1.60527,1.00,1.00
2016.10.24 15:02:01.636,1.60494,1.60518,1.00,1.37
2016.10.24 15:02:01.687,1.60488,1.60518,1.00,1.37
2016.10.24 15:02:01.889,1.60491,1.60519,1.00,1.50
2016.10.24 15:02:02.091,1.60489,1.60519,1.50,1.50
2016.10.24 15:02:02.761,1.60486,1.60514,1.87,1.00
2016.10.24 15:02:03.684,1.60485,1.60512,1.50,1.50
2016.10.24 15:02:04.178,1.60477,1.60498,1.12,1.00
2016.10.24 15:02:04.229,1.60473,1.60498,1.00,1.00
2016.10.24 15:02:04.381,1.60473,1.605,1.00,1.00
2016.10.24 15:02:04.831,1.60477,1.605,1.00,1.00
2016.10.24 15:02:06.533,1.60477,1.60503,1.00,1.00
2016.10.24 15:02:06.886,1.60477,1.60501,1.00,1.00
2016.10.24 15:02:07.981,1.60477,1.60502,1.00,1.00
2016.10.24 15:02:08.286,1.60481,1.60502,1.00,1.00
2016.10.24 15:02:09.684,1.60481,1.60505,1.00,1.50
2016.10.24 15:02:10.188,1.60482,1.60505,1.00,1.50
2016.10.24 15:02:10.940,1.60482,1.60506,1.00,1.00
2016.10.24 15:02:11.431,1.60481,1.60506,1.00,1.75
2016.10.24 15:02:11.964,1.60476,1.60504,1.00,1.37
2016.10.24 15:02:12.243,1.60481,1.60506,1.00,2.25
2016.10.24 15:02:12.446,1.60486,1.60515,1.00,1.50
2016.10.24 15:02:13.207,1.60488,1.60518,1.50,1.87
2016.10.24 15:02:13.258,1.60488,1.60518,1.50,1.50
2016.10.24 15:02:13.309,1.60492,1.60522,1.37,1.75
2016.10.24 15:02:13.461,1.60495,1.60524,1.37,1.00
2016.10.24 15:02:13.512,1.60495,1.60521,1.00,1.00
2016.10.24 15:02:14.035,1.60492,1.60522,3.37,1.12
2016.10.24 15:02:14.238,1.60493,1.60522,1.12,1.50
2016.10.24 15:02:14.440,1.60496,1.60523,1.00,1.75
2016.10.24 15:02:14.976,1.60497,1.60527,1.12,1.00
2016.10.24 15:02:15.279,1.605,1.60527,1.37,1.00
2016.10.24 15:02:15.431,1.60505,1.60534,1.37,1.00
2016.10.24 15:02:15.970,1.60507,1.60535,1.00,1.00
2016.10.24 15:02:16.071,1.60505,1.60535,1.50,1.12
2016.10.24 15:02:16.172,1.60505,1.60537,1.87,1.37
2016.10.24 15:02:16.223,1.60506,1.60537,1.12,1.00
2016.10.24 15:02:18.094,1.6051,1.60537,1.00,1.00
2016.10.24 15:02:18.689,1.6051,1.60539,1.00,1.12
2016.10.24 15:02:18.892,1.60512,1.6054,1.00,1.50
2016.10.24 15:02:19.195,1.60517,1.6054,1.00,2.25
2016.10.24 15:02:19.246,1.60515,1.6054,1.00,2.25
2016.10.24 15:02:19.499,1.60518,1.60544,1.00,1.75
2016.10.24 15:02:19.848,1.60521,1.60545,1.00,1.50
2016.10.24 15:02:20.404,1.60522,1.60545,1.00,1.50
2016.10.24 15:02:20.960,1.6052,1.60546,1.00,1.75
2016.10.24 15:02:21.434,1.60518,1.60548,2.25,1.75
2016.10.24 15:02:21.536,1.6052,1.6055,1.00,2.25
2016.10.24 15:02:21.587,1.6052,1.60548,1.00,1.00
2016.10.24 15:02:22.137,1.60521,1.60547,1.00,1.00
2016.10.24 15:02:22.648,1.60521,1.60548,1.00,1.00
2016.10.24 15:02:22.699,1.60517,1.60544,1.50,1.00
2016.10.24 15:02:22.800,1.60516,1.60544,1.12,1.00
2016.10.24 15:02:22.901,1.60516,1.60542,1.00,1.00
2016.10.24 15:02:23.287,1.60514,1.60543,1.00,1.00
2016.10.24 15:02:23.641,1.60515,1.60544,1.37,1.12
2016.10.24 15:02:24.120,1.60516,1.60546,2.62,1.00
2016.10.24 15:02:24.484,1.60526,1.60552,1.87,1.00
2016.10.24 15:02:24.535,1.60529,1.60557,1.00,1.00
2016.10.24 15:02:25.110,1.60528,1.60557,1.00,1.00
2016.10.24 15:02:25.645,1.60528,1.60558,1.50,1.00
2016.10.24 15:02:26.185,1.60532,1.6056,1.00,1.00
2016.10.24 15:02:27.256,1.6053,1.60558,1.00,1.00
2016.10.24 15:02:27.761,1.60532,1.60559,1.00,1.00
2016.10.24 15:02:28.248,1.60532,1.60558,1.00,1.75
2016.10.24 15:02:28.299,1.60527,1.60558,1.00,2.25
2016.10.24 15:02:28.656,1.60526,1.60554,1.12,1.00
2016.10.24 15:02:28.808,1.60522,1.60553,1.12,1.50
2016.10.24 15:02:29.264,1.60524,1.60554,1.00,2.62
2016.10.24 15:02:29.769,1.60523,1.60555,1.00,2.25
2016.10.24 15:02:30.345,1.60526,1.60552,1.00,1.12
2016.10.24 15:02:30.548,1.60524,1.60552,1.12,1.12
2016.10.24 15:02:31.067,1.60525,1.60555,1.00,2.25
2016.10.24 15:02:31.607,1.60526,1.60555,1.00,1.75
2016.10.24 15:02:32.490,1.60516,1.60544,3.00,1.00
2016.10.24 15:02:32.832,1.60517,1.6054,1.00,1.12
2016.10.24 15:02:33.347,1.60516,1.60541,1.00,1.50
2016.10.24 15:02:33.727,1.60519,1.60541,1.00,1.12
2016.10.24 15:02:33.781,1.60519,1.60545,1.00,1.00
2016.10.24 15:02:34.033,1.60515,1.60545,1.00,1.00
2016.10.24 15:02:34.134,1.60513,1.60542,1.00,1.00
2016.10.24 15:02:34.653,1.60513,1.60541,1.00,1.00
2016.10.24 15:02:35.057,1.60517,1.60542,1.00,1.00
2016.10.24 15:02:35.909,1.60512,1.60542,1.00,1.75
2016.10.24 15:02:36.162,1.60516,1.60542,1.00,1.75
2016.10.24 15:02:36.798,1.60517,1.60542,1.00,1.75
2016.10.24 15:02:37.203,1.6051,1.60542,1.12,1.75
2016.10.24 15:02:37.936,1.60509,1.60541,1.50,1.50
2016.10.24 15:02:37.987,1.60512,1.60542,1.00,1.87
2016.10.24 15:02:38.977,1.60514,1.60544,1.00,1.75
2016.10.24 15:02:39.285,1.60512,1.60544,1.00,1.75
2016.10.24 15:02:39.804,1.60513,1.60543,1.00,1.75
2016.10.24 15:02:40.559,1.60512,1.60544,1.00,1.75
2016.10.24 15:02:41.181,1.60511,1.60543,1.00,1.75
2016.10.24 15:02:41.804,1.60508,1.60538,1.12,1.00
2016.10.24 15:02:42.236,1.60511,1.6054,1.00,1.50
2016.10.24 15:02:42.903,1.60508,1.6054,1.12,1.87
2016.10.24 15:02:43.149,1.60508,1.6054,1.37,1.87
2016.10.24 15:02:43.302,1.60512,1.6054,1.00,2.25
2016.10.24 15:02:43.820,1.60513,1.6054,1.00,1.50
2016.10.24 15:02:44.432,1.60512,1.6054,1.00,1.50
2016.10.24 15:02:45.267,1.6051,1.6054,1.00,1.50
2016.10.24 15:02:45.780,1.60511,1.6054,1.00,1.50
2016.10.24 15:02:47.071,1.6051,1.6054,1.00,1.50
2016.10.24 15:02:47.492,1.60512,1.6054,1.00,1.50
2016.10.24 15:02:48.599,1.60517,1.6054,1.00,1.00
2016.10.24 15:02:49.297,1.60512,1.6054,1.00,1.00
2016.10.24 15:02:51.146,1.60513,1.6054,1.00,1.00
2016.10.24 15:02:51.516,1.60517,1.6054,1.00,1.00
2016.10.24 15:02:51.884,1.60512,1.6054,1.50,1.00
2016.10.24 15:02:52.479,1.60513,1.6054,1.00,1.00
2016.10.24 15:02:52.985,1.60512,1.6054,1.00,1.00
2016.10.24 15:02:54.978,1.60511,1.6054,1.50,1.00
2016.10.24 15:02:56.088,1.60517,1.6054,1.00,1.00
2016.10.24 15:02:57.236,1.60516,1.6054,1.00,1.00
2016.10.24 15:02:57.490,1.60511,1.6054,1.00,2.25
2016.10.24 15:02:57.642,1.60511,1.60538,1.00,1.50
2016.10.24 15:02:57.693,1.60508,1.60538,1.00,2.25
2016.10.24 15:02:58.283,1.60508,1.60532,1.00,1.00
2016.10.24 15:02:58.435,1.60504,1.60532,1.12,1.00
2016.10.24 15:02:59.592,1.60508,1.60532,1.37,1.00
2016.10.24 15:02:59.744,1.60508,1.60532,1.00,1.00
2016.10.24 15:02:59.796,1.60511,1.60532,1.00,1.00
2016.10.24 15:02:59.847,1.60511,1.60536,1.00,1.50
2016.10.24 15:03:00.100,1.60516,1.60536,1.00,1.50
2016.10.24 15:03:00.730,1.60511,1.60536,1.00,1.50
2016.10.24 15:03:02.089,1.60512,1.60536,1.00,1.50
2016.10.24 15:03:03.138,1.60511,1.60535,1.00,1.00
2016.10.24 15:03:03.440,1.60507,1.60535,1.00,1.00
2016.10.24 15:03:03.542,1.60511,1.60535,1.00,1.00
2016.10.24 15:03:05.642,1.60512,1.60535,1.00,1.00
2016.10.24 15:03:05.946,1.60521,1.60542,1.50,1.37
2016.10.24 15:03:05.997,1.60521,1.60544,1.50,1.00
2016.10.24 15:03:06.479,1.60522,1.60549,1.00,1.37
2016.10.24 15:03:06.530,1.60526,1.60547,1.00,1.00
2016.10.24 15:03:06.632,1.60521,1.60547,1.00,1.00
2016.10.24 15:03:06.733,1.60516,1.60547,1.75,1.00
2016.10.24 15:03:06.835,1.60521,1.60547,1.00,1.00
2016.10.24 15:03:07.598,1.60522,1.60549,1.00,1.50
2016.10.24 15:03:09.182,1.60522,1.60544,1.00,1.00
2016.10.24 15:03:09.233,1.60517,1.60543,1.12,1.00
2016.10.24 15:03:09.739,1.60517,1.60544,1.37,1.00
2016.10.24 15:03:13.135,1.60521,1.60544,1.00,1.00
2016.10.24 15:03:13.627,1.60518,1.60544,1.12,1.00
2016.10.24 15:03:13.779,1.60521,1.60544,1.00,1.00
2016.10.24 15:03:14.701,1.60521,1.60549,1.00,1.87
2016.10.24 15:03:14.954,1.60519,1.60549,1.00,2.62
2016.10.24 15:03:16.016,1.60522,1.60549,1.00,1.87
2016.10.24 15:03:17.783,1.60523,1.60549,1.00,1.37
2016.10.24 15:03:17.884,1.60522,1.60552,2.25,1.00
2016.10.24 15:03:18.479,1.60524,1.60553,1.12,1.50
2016.10.24 15:03:20.273,1.6052,1.60548,2.25,1.00
2016.10.24 15:03:20.526,1.60516,1.60543,1.37,1.87
2016.10.24 15:03:20.957,1.60521,1.60543,1.00,2.25
2016.10.24 15:03:23.056,1.60517,1.60543,1.00,1.50
2016.10.24 15:03:23.225,1.60522,1.60543,1.00,1.50
2016.10.24 15:03:23.898,1.60517,1.60542,1.37,1.00
2016.10.24 15:03:24.758,1.60517,1.60542,1.00,1.00
2016.10.24 15:03:25.403,1.60517,1.60538,1.00,1.50
2016.10.24 15:03:25.630,1.60512,1.60538,1.37,1.50
2016.10.24 15:03:27.382,1.60516,1.60538,1.00,1.00
2016.10.24 15:03:28.136,1.60511,1.60538,1.50,1.00
2016.10.24 15:03:28.439,1.60516,1.60538,1.00,1.00
2016.10.24 15:03:29.932,1.60516,1.60542,1.00,1.00
2016.10.24 15:03:30.875,1.60516,1.60541,1.00,1.00
2016.10.24 15:03:31.332,1.60511,1.60541,1.50,1.00
2016.10.24 15:03:31.433,1.60517,1.60541,1.00,1.00
2016.10.24 15:03:31.535,1.60511,1.60541,1.50,1.00
2016.10.24 15:03:31.974,1.60516,1.60541,1.00,1.00
2016.10.24 15:03:32.126,1.60512,1.60541,1.37,1.00
2016.10.24 15:03:32.832,1.6051,1.60537,1.75,1.00
2016.10.24 15:03:33.252,1.60512,1.60527,1.00,1.00
2016.10.24 15:03:33.303,1.60512,1.60535,1.00,1.37
2016.10.24 15:03:33.354,1.60512,1.60539,1.00,1.50
2016.10.24 15:03:33.455,1.60515,1.60542,1.00,1.00
2016.10.24 15:03:33.557,1.60516,1.60546,2.25,1.00
2016.10.24 15:03:34.084,1.60516,1.60547,1.50,1.09
2016.10.24 15:03:34.289,1.60517,1.60544,1.00,1.37
2016.10.24 15:03:34.541,1.60512,1.60539,1.00,1.00
2016.10.24 15:03:35.468,1.60512,1.60538,1.00,1.00
2016.10.24 15:03:35.519,1.60503,1.60529,1.50,1.00
2016.10.24 15:03:35.602,1.60503,1.60534,1.50,1.00
2016.10.24 15:03:35.703,1.60505,1.60531,1.00,1.00
2016.10.24 15:03:36.236,1.60503,1.60531,1.50,1.00
2016.10.24 15:03:37.631,1.60505,1.60531,1.00,1.00
2016.10.24 15:03:39.265,1.60511,1.60536,1.00,1.12
2016.10.24 15:03:39.316,1.60509,1.6054,1.50,1.00
2016.10.24 15:03:39.417,1.60508,1.60537,1.50,1.00
2016.10.24 15:03:39.569,1.60504,1.60536,1.12,1.87
2016.10.24 15:03:40.324,1.60503,1.60533,1.50,1.00
2016.10.24 15:03:41.031,1.60504,1.60535,1.12,1.00
2016.10.24 15:03:41.607,1.60502,1.60534,1.75,1.00
2016.10.24 15:03:42.119,1.60505,1.60536,1.00,1.87
2016.10.24 15:03:42.221,1.60502,1.6053,2.25,1.00
2016.10.24 15:03:42.690,1.60501,1.60528,1.75,1.00
2016.10.24 15:03:42.842,1.60497,1.60528,2.25,1.00
2016.10.24 15:03:42.994,1.60497,1.60527,1.37,1.12
2016.10.24 15:03:43.044,1.60497,1.60525,1.00,1.00
2016.10.24 15:03:43.599,1.60499,1.60525,1.00,1.00
2016.10.24 15:03:43.751,1.605,1.60529,1.00,1.75
2016.10.24 15:03:44.262,1.60499,1.60526,1.00,1.00
2016.10.24 15:03:44.975,1.60499,1.60525,1.00,1.00
2016.10.24 15:03:46.864,1.60499,1.60527,1.00,1.12
2016.10.24 15:03:46.965,1.605,1.60529,1.00,1.00
2016.10.24 15:03:47.067,1.60499,1.60527,1.87,1.37
2016.10.24 15:03:47.405,1.60499,1.60525,1.00,1.12
2016.10.24 15:03:47.456,1.60494,1.60525,1.50,1.87
2016.10.24 15:03:47.838,1.60492,1.60522,1.75,1.00
2016.10.24 15:03:48.092,1.6049,1.60518,1.00,1.00
2016.10.24 15:03:48.630,1.60489,1.60518,2.25,1.00
2016.10.24 15:03:48.827,1.60492,1.60518,1.00,1.00
2016.10.24 15:03:50.265,1.60492,1.60522,1.00,1.87
2016.10.24 15:03:50.770,1.60492,1.60519,1.00,1.00
2016.10.24 15:03:51.316,1.60497,1.6052,1.00,1.00
2016.10.24 15:03:52.626,1.60495,1.60522,1.00,1.87
2016.10.24 15:03:53.037,1.60497,1.60522,1.00,1.00
2016.10.24 15:03:53.138,1.60497,1.60526,1.00,1.00
2016.10.24 15:03:53.643,1.60497,1.60525,1.00,1.50
2016.10.24 15:03:54.398,1.60495,1.60525,1.00,1.50
2016.10.24 15:03:54.757,1.60492,1.60524,1.50,1.75
2016.10.24 15:03:55.642,1.6049,1.60521,1.00,1.00
2016.10.24 15:03:55.744,1.60491,1.60519,1.00,1.00
2016.10.24 15:03:56.369,1.60489,1.60519,1.12,1.00
2016.10.24 15:03:56.881,1.60486,1.60517,1.75,1.50
2016.10.24 15:03:57.381,1.60496,1.60517,1.00,1.00
2016.10.24 15:03:57.583,1.60492,1.60518,1.00,1.50
2016.10.24 15:03:58.056,1.60492,1.60518,1.00,1.87
2016.10.24 15:03:58.360,1.60492,1.60519,1.00,1.87
2016.10.24 15:03:59.129,1.60492,1.60519,1.00,1.12
2016.10.24 15:03:59.180,1.6049,1.60519,1.00,1.87
2016.10.24 15:03:59.783,1.60489,1.60519,1.12,1.12
2016.10.24 15:04:00.577,1.60489,1.60518,1.12,1.00
2016.10.24 15:04:00.678,1.60491,1.60519,1.00,1.87
2016.10.24 15:04:01.082,1.60494,1.60522,1.00,1.12
2016.10.24 15:04:01.284,1.60497,1.60527,1.12,1.00
2016.10.24 15:04:01.386,1.60499,1.60527,1.00,1.00
2016.10.24 15:04:01.766,1.60497,1.60528,1.00,1.37
2016.10.24 15:04:02.914,1.60498,1.60525,1.00,1.00
2016.10.24 15:04:03.873,1.60498,1.60523,1.00,1.00
2016.10.24 15:04:04.563,1.60493,1.60523,1.00,1.50
2016.10.24 15:04:06.289,1.60494,1.60523,1.00,1.00
2016.10.24 15:04:07.164,1.60496,1.60523,1.00,1.00
2016.10.24 15:04:07.266,1.60493,1.60523,1.00,1.00
2016.10.24 15:04:07.837,1.60492,1.60523,2.25,1.00
2016.10.24 15:04:08.491,1.60494,1.60523,1.00,1.00
2016.10.24 15:04:10.290,1.60494,1.60524,1.00,1.50
2016.10.24 15:04:11.116,1.60494,1.60524,1.00,1.37
2016.10.24 15:04:13.925,1.60494,1.60521,1.00,1.00
2016.10.24 15:04:14.077,1.60492,1.60521,1.00,1.50
2016.10.24 15:04:14.279,1.6049,1.60519,1.00,1.00
2016.10.24 15:04:15.278,1.60491,1.60519,1.00,1.00
2016.10.24 15:04:17.748,1.60492,1.60519,1.00,1.00
2016.10.24 15:04:18.284,1.60492,1.60522,1.50,1.50
2016.10.24 15:04:18.486,1.60494,1.6052,1.00,1.12
2016.10.24 15:04:19.333,1.60494,1.60508,1.00,1.00
2016.10.24 15:04:19.384,1.6049,1.60508,1.00,1.00
2016.10.24 15:04:19.587,1.60482,1.60506,1.50,1.00
2016.10.24 15:04:19.638,1.60478,1.60504,2.25,1.37
2016.10.24 15:04:20.158,1.60477,1.60502,1.00,1.00
2016.10.24 15:04:21.095,1.60476,1.60502,1.00,1.00
2016.10.24 15:04:21.633,1.60477,1.60504,1.00,1.00
2016.10.24 15:04:21.785,1.60483,1.60508,1.00,1.87
2016.10.24 15:04:21.937,1.60486,1.60512,1.00,1.00
2016.10.24 15:04:21.988,1.60482,1.60512,1.50,1.00
2016.10.24 15:04:22.089,1.60481,1.60511,1.00,2.62
2016.10.24 15:04:22.903,1.6048,1.6051,1.12,1.87
2016.10.24 15:04:23.005,1.60482,1.6051,1.00,1.00
2016.10.24 15:04:23.207,1.60483,1.60513,1.50,1.87
2016.10.24 15:04:23.258,1.60483,1.60509,1.50,1.00
2016.10.24 15:04:23.360,1.60483,1.60513,1.50,1.87
2016.10.24 15:04:24.925,1.60483,1.60508,1.50,1.00
2016.10.24 15:04:25.654,1.60482,1.60508,1.00,1.00
2016.10.24 15:04:26.156,1.60482,1.60509,1.00,1.12
2016.10.24 15:04:28.032,1.60482,1.60508,1.00,1.00
2016.10.24 15:04:28.801,1.60481,1.60508,1.12,1.00
2016.10.24 15:04:29.379,1.60482,1.60508,1.00,1.00
2016.10.24 15:04:32.981,1.60483,1.60508,1.00,1.00
2016.10.24 15:04:33.821,1.60485,1.60508,1.00,1.00
2016.10.24 15:04:35.011,1.6049,1.60517,1.00,1.12
2016.10.24 15:04:35.837,1.6049,1.60513,1.00,1.00
2016.10.24 15:04:35.888,1.60487,1.60513,1.00,1.00
2016.10.24 15:04:38.265,1.60487,1.60516,1.00,1.00
2016.10.24 15:04:38.619,1.6049,1.60517,1.00,1.12
2016.10.24 15:04:39.523,1.60488,1.60514,1.00,1.00
2016.10.24 15:04:39.574,1.60488,1.60517,1.00,1.12
2016.10.24 15:04:41.135,1.60487,1.60517,1.00,1.12
2016.10.24 15:04:41.532,1.6049,1.60517,1.00,1.12
2016.10.24 15:04:42.929,1.60487,1.60517,1.00,1.12
2016.10.24 15:04:43.031,1.60491,1.60517,1.00,1.12
2016.10.24 15:04:43.332,1.60489,1.60517,1.00,1.12
2016.10.24 15:04:43.997,1.60491,1.60517,1.00,1.12
2016.10.24 15:04:45.110,1.60487,1.60517,1.00,1.87
2016.10.24 15:04:45.161,1.60487,1.60517,1.00,2.25
2016.10.24 15:04:47.627,1.60488,1.60514,1.00,1.00
2016.10.24 15:04:49.177,1.60488,1.60517,1.00,1.87
2016.10.24 15:04:49.973,1.60487,1.60516,1.00,1.00
2016.10.24 15:04:50.075,1.60485,1.60514,1.12,1.00
2016.10.24 15:04:51.868,1.60485,1.60513,1.00,1.50
2016.10.24 15:04:51.918,1.60482,1.60512,1.00,1.50
2016.10.24 15:04:52.430,1.60483,1.60514,1.00,2.62
2016.10.24 15:04:52.531,1.60481,1.60513,1.12,1.87
2016.10.24 15:04:57.828,1.60485,1.60512,1.00,1.37
2016.10.24 15:04:59.258,1.60487,1.60516,1.00,1.75
2016.10.24 15:05:00.734,1.60488,1.60516,1.00,1.75
2016.10.24 15:05:01.259,1.60491,1.60516,1.00,1.75
2016.10.24 15:05:01.498,1.60491,1.60519,1.00,2.25
2016.10.24 15:05:01.651,1.60489,1.60519,1.00,2.62
2016.10.24 15:05:02.759,1.60497,1.60522,2.25,1.00
2016.10.24 15:05:02.810,1.60499,1.60527,1.12,1.00
2016.10.24 15:05:02.861,1.60499,1.6053,1.87,1.00
2016.10.24 15:05:02.912,1.60502,1.60531,1.00,1.00
2016.10.24 15:05:02.962,1.60503,1.60533,1.00,1.50
2016.10.24 15:05:03.164,1.60505,1.60534,1.00,1.50
2016.10.24 15:05:03.790,1.60506,1.60534,1.00,1.00
2016.10.24 15:05:04.094,1.60509,1.60534,1.00,1.00
2016.10.24 15:05:04.246,1.60506,1.60534,1.00,1.00
2016.10.24 15:05:04.458,1.60509,1.60534,1.00,1.00
2016.10.24 15:05:05.409,1.6051,1.60534,1.00,1.00
2016.10.24 15:05:05.611,1.60513,1.60544,1.00,1.75
2016.10.24 15:05:05.663,1.60518,1.60544,1.00,1.75
2016.10.24 15:05:05.714,1.60518,1.60545,1.50,1.37
2016.10.24 15:05:05.765,1.60521,1.60545,1.00,1.37
2016.10.24 15:05:05.816,1.60521,1.60553,1.12,1.50
2016.10.24 15:05:06.453,1.60521,1.60548,1.12,1.00
2016.10.24 15:05:06.526,1.60522,1.60552,1.50,1.37
2016.10.24 15:05:07.110,1.6052,1.60552,1.37,1.37
2016.10.24 15:05:07.262,1.60523,1.60553,1.00,1.50
2016.10.24 15:05:07.594,1.6052,1.60552,1.37,1.50
2016.10.24 15:05:10.418,1.60523,1.60553,1.00,2.25
2016.10.24 15:05:11.374,1.60525,1.60555,1.00,1.75
2016.10.24 15:05:13.781,1.60525,1.60548,1.00,1.00
2016.10.24 15:05:14.998,1.60525,1.60555,1.00,1.75
2016.10.24 15:05:17.882,1.60538,1.60566,1.37,1.37
2016.10.24 15:05:17.933,1.60539,1.60566,1.00,1.00
2016.10.24 15:05:17.984,1.60541,1.60566,1.00,1.00
2016.10.24 15:05:18.035,1.60541,1.60572,1.00,1.12
2016.10.24 15:05:18.507,1.60541,1.60569,1.00,1.00
2016.10.24 15:05:19.026,1.60541,1.60568,1.00,1.00
2016.10.24 15:05:20.187,1.60539,1.60568,1.50,1.00
2016.10.24 15:05:21.511,1.60539,1.60565,1.00,1.00
2016.10.24 15:05:21.857,1.60537,1.60564,1.00,1.00
2016.10.24 15:05:22.348,1.60533,1.60559,1.12,1.00
2016.10.24 15:05:22.449,1.60529,1.60559,3.00,1.00
2016.10.24 15:05:22.551,1.60526,1.60555,2.25,1.00
2016.10.24 15:05:22.973,1.60526,1.60554,1.00,1.50
2016.10.24 15:05:23.431,1.60522,1.60553,1.37,1.87
2016.10.24 15:05:23.532,1.60518,1.60547,1.87,1.00
2016.10.24 15:05:24.050,1.60517,1.60547,2.25,1.00
2016.10.24 15:05:24.253,1.60517,1.60544,2.25,1.00
2016.10.24 15:05:24.556,1.60517,1.60546,2.25,1.00
2016.10.24 15:05:25.781,1.60519,1.60545,1.12,1.00
2016.10.24 15:05:26.186,1.60519,1.60547,1.12,1.50
2016.10.24 15:05:26.860,1.60517,1.60546,2.25,1.00
2016.10.24 15:05:27.185,1.60517,1.60545,1.50,1.12
2016.10.24 15:05:27.287,1.60513,1.60543,1.75,1.00
2016.10.24 15:05:27.388,1.60511,1.60542,2.25,1.12
2016.10.24 15:05:28.046,1.60512,1.60542,1.00,1.12
2016.10.24 15:05:28.918,1.6051,1.60538,2.62,1.00
2016.10.24 15:05:30.516,1.60512,1.60538,1.00,1.00
2016.10.24 15:05:30.567,1.60512,1.6054,1.00,1.00
2016.10.24 15:05:30.618,1.60517,1.6054,1.00,1.00
2016.10.24 15:05:30.947,1.60508,1.6054,1.75,1.12
2016.10.24 15:05:31.352,1.60517,1.60541,1.00,1.12
2016.10.24 15:05:31.896,1.60517,1.60544,1.00,1.75
2016.10.24 15:05:32.443,1.60522,1.60547,1.00,1.12
2016.10.24 15:05:34.010,1.60521,1.60547,1.00,1.12
2016.10.24 15:05:34.335,1.60526,1.60551,1.00,1.75
2016.10.24 15:05:34.386,1.60526,1.60551,1.00,1.00
2016.10.24 15:05:34.437,1.60523,1.60551,1.00,1.00
2016.10.24 15:05:34.757,1.60527,1.60553,1.00,1.87
2016.10.24 15:05:34.846,1.60527,1.60559,1.00,2.25
2016.10.24 15:05:35.167,1.60529,1.60559,1.00,1.75
2016.10.24 15:05:35.318,1.60532,1.60561,1.00,1.00
2016.10.24 15:05:35.369,1.60533,1.60563,1.00,1.00
2016.10.24 15:05:36.056,1.60539,1.60563,1.00,1.00
2016.10.24 15:05:36.158,1.60537,1.60563,1.00,1.00
2016.10.24 15:05:36.309,1.60538,1.60558,1.00,1.00
2016.10.24 15:05:36.411,1.60529,1.60557,1.50,1.75
2016.10.24 15:05:36.477,1.60527,1.60555,1.00,1.75
2016.10.24 15:05:37.022,1.60526,1.60554,1.00,1.50
2016.10.24 15:05:39.938,1.60527,1.60554,1.00,1.50
2016.10.24 15:05:40.599,1.60526,1.60555,1.00,1.75
2016.10.24 15:05:45.564,1.60527,1.60555,1.00,1.75
2016.10.24 15:05:46.388,1.60527,1.60555,1.37,1.37
2016.10.24 15:05:46.470,1.60539,1.6057,1.00,1.00
2016.10.24 15:05:46.723,1.60546,1.60571,1.00,1.12
2016.10.24 15:05:46.824,1.60546,1.60578,1.37,1.37
2016.10.24 15:05:47.423,1.60549,1.60579,1.00,1.50
2016.10.24 15:05:47.685,1.60547,1.60579,1.87,2.25
2016.10.24 15:05:47.887,1.60545,1.60575,1.50,1.00
2016.10.24 15:05:48.191,1.60543,1.60573,1.00,1.50
2016.10.24 15:05:48.722,1.60542,1.60572,1.00,1.37
2016.10.24 15:05:48.924,1.60537,1.60568,3.37,1.00
2016.10.24 15:05:49.026,1.60539,1.60568,1.00,1.00
2016.10.24 15:05:50.788,1.60538,1.60568,1.00,1.00
2016.10.24 15:05:51.312,1.6054,1.60568,1.00,1.00
2016.10.24 15:05:51.809,1.60542,1.60573,1.12,1.50
2016.10.24 15:05:51.911,1.60549,1.60578,1.00,1.75
2016.10.24 15:05:52.012,1.6055,1.60578,1.00,1.50
2016.10.24 15:05:52.565,1.60551,1.60579,1.50,1.12
2016.10.24 15:05:53.894,1.60551,1.60578,1.00,1.00
2016.10.24 15:05:54.420,1.6055,1.60578,1.00,1.00
2016.10.24 15:05:55.481,1.6055,1.60579,1.00,1.12
2016.10.24 15:05:55.742,1.60556,1.60579,1.00,1.12
2016.10.24 15:05:55.945,1.60559,1.60587,1.50,1.00
2016.10.24 15:05:55.996,1.60563,1.60591,1.00,1.50
2016.10.24 15:05:57.085,1.60564,1.60591,1.00,1.00
2016.10.24 15:05:57.994,1.60559,1.60584,1.50,1.12
2016.10.24 15:05:58.321,1.60556,1.60574,1.00,1.75
2016.10.24 15:05:58.372,1.60545,1.60574,1.00,1.75
2016.10.24 15:05:58.524,1.60543,1.60574,1.00,1.87
2016.10.24 15:06:02.803,1.60541,1.60573,1.50,1.75
2016.10.24 15:06:02.905,1.60543,1.60574,1.00,2.25
2016.10.24 15:06:03.627,1.60548,1.60577,1.00,2.25
2016.10.24 15:06:03.678,1.60548,1.60578,1.00,1.75
2016.10.24 15:06:03.729,1.60551,1.60578,1.00,1.75
2016.10.24 15:06:03.830,1.60549,1.60578,1.00,1.75
2016.10.24 15:06:03.931,1.60545,1.60573,1.12,1.00
2016.10.24 15:06:05.410,1.60544,1.60573,1.00,1.00
2016.10.24 15:06:06.444,1.60547,1.60573,1.00,1.00
2016.10.24 15:06:07.083,1.60546,1.60573,1.00,1.00
2016.10.24 15:06:07.242,1.60544,1.60573,1.00,1.00
2016.10.24 15:06:07.769,1.60543,1.60572,1.00,1.12
2016.10.24 15:06:08.274,1.60543,1.60573,1.00,1.87
2016.10.24 15:06:08.325,1.60544,1.60573,1.87,1.00
2016.10.24 15:06:08.427,1.60552,1.60578,1.00,1.00
2016.10.24 15:06:08.775,1.60552,1.60582,1.50,2.62
2016.10.24 15:06:09.282,1.60552,1.60581,1.50,1.00
2016.10.24 15:06:10.040,1.60552,1.60582,1.50,1.12
2016.10.24 15:06:10.344,1.60555,1.60584,1.00,1.50
2016.10.24 15:06:10.647,1.60559,1.60584,1.00,1.00
2016.10.24 15:06:11.177,1.60558,1.60584,1.00,1.00
2016.10.24 15:06:11.697,1.60557,1.60584,1.00,1.00
2016.10.24 15:06:11.748,1.60557,1.60587,1.00,2.62
2016.10.24 15:06:11.799,1.60562,1.60587,1.00,2.62
2016.10.24 15:06:12.002,1.60559,1.60587,1.00,1.00
2016.10.24 15:06:12.053,1.6056,1.6059,1.50,1.50
2016.10.24 15:06:12.564,1.6056,1.60589,1.50,1.00
2016.10.24 15:06:12.615,1.60562,1.6059,1.00,1.50
2016.10.24 15:06:13.548,1.60562,1.60591,1.00,1.00
2016.10.24 15:06:14.204,1.60562,1.6059,1.00,1.00
2016.10.24 15:06:14.873,1.60562,1.60591,1.00,1.00
2016.10.24 15:06:16.758,1.60562,1.60588,1.00,1.00
2016.10.24 15:06:16.859,1.60559,1.60588,1.00,1.50
2016.10.24 15:06:16.961,1.60556,1.60587,1.50,1.00
2016.10.24 15:06:17.618,1.60556,1.60584,1.00,1.50
2016.10.24 15:06:17.674,1.60554,1.60586,1.00,1.75
2016.10.24 15:06:21.857,1.60554,1.60586,1.50,2.62
2016.10.24 15:06:22.521,1.60556,1.60586,1.00,1.50
2016.10.24 15:06:24.776,1.60556,1.60587,1.00,1.87
2016.10.24 15:06:26.301,1.60563,1.60587,1.00,1.00
2016.10.24 15:06:26.353,1.60563,1.6059,1.00,1.00
2016.10.24 15:06:26.505,1.60563,1.60592,1.00,1.00
2016.10.24 15:06:26.556,1.60568,1.60592,1.00,1.00
2016.10.24 15:06:26.658,1.60568,1.60594,1.00,1.00
2016.10.24 15:06:26.810,1.60569,1.60599,1.50,1.00
2016.10.24 15:06:26.861,1.60569,1.60601,1.50,1.50
2016.10.24 15:06:27.308,1.60569,1.60599,1.50,1.00
2016.10.24 15:06:27.691,1.60568,1.60598,1.00,2.25
2016.10.24 15:06:28.697,1.60568,1.60587,1.00,1.00
2016.10.24 15:06:28.748,1.6056,1.60587,1.00,1.00
2016.10.24 15:06:28.799,1.6056,1.60588,1.00,1.12
2016.10.24 15:06:29.052,1.60557,1.60587,1.00,1.50
2016.10.24 15:06:29.406,1.60557,1.60587,1.00,2.62
2016.10.24 15:06:29.723,1.60557,1.60587,1.00,1.50
2016.10.24 15:06:29.775,1.60559,1.60588,1.00,1.75
2016.10.24 15:06:29.877,1.60562,1.60593,1.00,3.00
2016.10.24 15:06:30.181,1.60566,1.60595,1.00,1.37
2016.10.24 15:06:30.585,1.60561,1.60588,1.50,1.75
2016.10.24 15:06:30.636,1.60564,1.60591,1.00,1.75
2016.10.24 15:06:31.142,1.6056,1.6059,1.00,1.75
2016.10.24 15:06:31.578,1.60562,1.60591,1.00,1.50
2016.10.24 15:06:32.007,1.60564,1.6059,1.00,1.12
2016.10.24 15:06:33.626,1.60564,1.60591,1.00,1.12
2016.10.24 15:06:33.677,1.60561,1.60591,1.00,1.87
2016.10.24 15:06:33.727,1.60561,1.60587,1.00,1.50
2016.10.24 15:06:33.778,1.60556,1.60586,1.00,1.75
2016.10.24 15:06:33.880,1.60554,1.60585,1.50,1.75
2016.10.24 15:06:33.931,1.60554,1.60583,1.50,1.50
2016.10.24 15:06:34.278,1.60554,1.60583,1.00,1.75
2016.10.24 15:06:36.088,1.60557,1.60582,1.00,1.75
2016.10.24 15:06:36.290,1.60557,1.60582,1.00,1.00
2016.10.24 15:06:37.069,1.60557,1.60582,1.00,1.37
2016.10.24 15:06:37.149,1.60554,1.60583,1.00,2.25
2016.10.24 15:06:37.591,1.60556,1.60583,1.00,1.75
2016.10.24 15:06:38.334,1.60557,1.60582,1.00,1.75
2016.10.24 15:06:39.140,1.60556,1.60582,1.50,1.75
2016.10.24 15:06:39.507,1.60559,1.60586,1.00,1.37
2016.10.24 15:06:39.559,1.60557,1.60587,1.12,1.50
2016.10.24 15:06:39.863,1.60555,1.60585,1.00,1.75
2016.10.24 15:06:40.980,1.60556,1.60586,1.00,2.62
2016.10.24 15:06:42.374,1.60557,1.60586,1.00,1.75
2016.10.24 15:06:42.525,1.60557,1.60587,1.50,1.12
2016.10.24 15:06:42.576,1.60562,1.60587,1.00,1.12
2016.10.24 15:06:42.778,1.60567,1.60598,1.12,1.75
2016.10.24 15:06:42.829,1.60567,1.60598,1.50,1.00
2016.10.24 15:06:43.318,1.6057,1.606,1.00,2.25
2016.10.24 15:06:44.004,1.60568,1.60598,1.12,1.12
2016.10.24 15:06:44.757,1.60568,1.60597,1.12,1.00
2016.10.24 15:06:44.859,1.60566,1.60596,1.00,1.12
2016.10.24 15:06:45.385,1.60567,1.60597,1.00,1.37
2016.10.24 15:06:46.178,1.60562,1.60588,1.00,1.50
2016.10.24 15:06:46.787,1.60559,1.60588,1.00,1.00
2016.10.24 15:06:47.190,1.60562,1.60588,1.00,1.00
2016.10.24 15:06:47.768,1.60559,1.60588,1.00,1.50
2016.10.24 15:06:47.970,1.60557,1.60588,1.00,1.50
2016.10.24 15:06:48.869,1.60556,1.60582,1.00,1.00
2016.10.24 15:06:49.122,1.60547,1.60578,1.50,1.75
2016.10.24 15:06:49.387,1.60552,1.60578,1.00,1.75
2016.10.24 15:06:50.986,1.60551,1.60579,1.00,3.00
2016.10.24 15:06:51.989,1.6055,1.60579,1.00,3.00
2016.10.24 15:06:54.618,1.60548,1.60578,1.12,1.75
2016.10.24 15:06:55.187,1.60547,1.60577,1.50,1.50
2016.10.24 15:06:57.986,1.60546,1.60577,1.12,1.50
2016.10.24 15:06:58.531,1.60547,1.60579,1.00,3.00
2016.10.24 15:06:59.170,1.60551,1.60572,1.00,1.00
2016.10.24 15:06:59.272,1.60552,1.60581,1.00,2.25
2016.10.24 15:06:59.323,1.6055,1.60578,1.00,1.75
2016.10.24 15:06:59.373,1.60562,1.60578,1.00,1.00
2016.10.24 15:06:59.475,1.60556,1.60577,1.37,1.00
2016.10.24 15:06:59.576,1.60561,1.60577,1.00,1.00
2016.10.24 15:06:59.917,1.60563,1.60577,1.00,1.00
2016.10.24 15:06:59.989,1.60566,1.60592,1.00,1.00
2016.10.24 15:07:00.090,1.60568,1.60592,1.00,1.00
2016.10.24 15:07:00.710,1.60571,1.60596,1.12,1.00
2016.10.24 15:07:00.761,1.60568,1.60596,1.50,1.00
2016.10.24 15:07:00.913,1.60562,1.60591,1.75,1.00
2016.10.24 15:07:00.964,1.60562,1.60591,1.00,1.50
2016.10.24 15:07:01.787,1.60562,1.60592,1.75,1.50
2016.10.24 15:07:02.091,1.60562,1.60589,1.50,1.00
2016.10.24 15:07:02.454,1.6057,1.60589,1.00,1.00
2016.10.24 15:07:02.509,1.60571,1.60596,1.00,1.75
2016.10.24 15:07:02.611,1.60567,1.60596,1.50,1.75
2016.10.24 15:07:02.712,1.60562,1.60593,1.75,1.00
2016.10.24 15:07:02.763,1.60561,1.6059,2.25,1.00
2016.10.24 15:07:02.915,1.60558,1.60587,1.12,1.00
2016.10.24 15:07:03.487,1.60559,1.60589,1.00,1.12
2016.10.24 15:07:03.790,1.60561,1.60589,1.00,1.12
2016.10.24 15:07:04.317,1.60561,1.60588,1.00,1.00
2016.10.24 15:07:04.469,1.60559,1.60588,1.00,1.00
2016.10.24 15:07:04.520,1.60562,1.60588,1.00,1.00
2016.10.24 15:07:04.621,1.60558,1.60588,1.87,1.00
2016.10.24 15:07:06.088,1.60557,1.60586,1.50,1.00
2016.10.24 15:07:07.734,1.60558,1.60588,1.12,1.00
2016.10.24 15:07:07.938,1.60562,1.60588,1.00,1.00
2016.10.24 15:07:08.090,1.60569,1.60598,1.00,1.12
2016.10.24 15:07:08.626,1.60569,1.60599,1.00,2.25
2016.10.24 15:07:09.634,1.60572,1.60597,1.00,1.50
2016.10.24 15:07:11.084,1.60572,1.60597,1.00,1.50
2016.10.24 15:07:11.286,1.60564,1.60593,1.12,1.50
2016.10.24 15:07:11.388,1.60565,1.60591,1.00,1.00
2016.10.24 15:07:11.591,1.60564,1.60593,1.12,1.00
2016.10.24 15:07:14.487,1.60564,1.60584,1.00,1.00
2016.10.24 15:07:14.538,1.60553,1.60584,1.75,2.25
2016.10.24 15:07:15.085,1.60553,1.60583,1.75,1.00
2016.10.24 15:07:15.916,1.60556,1.60584,1.00,1.50
2016.10.24 15:07:16.219,1.60558,1.60584,1.00,1.00
2016.10.24 15:07:16.422,1.60555,1.60583,1.12,1.00
2016.10.24 15:07:17.014,1.60552,1.60583,1.50,1.00
2016.10.24 15:07:17.065,1.60555,1.60584,1.00,1.87
2016.10.24 15:07:17.418,1.60556,1.60587,1.12,1.50
2016.10.24 15:07:18.183,1.60555,1.60585,1.50,1.00
2016.10.24 15:07:19.452,1.60554,1.60584,1.87,1.00
2016.10.24 15:07:19.553,1.60556,1.60586,1.12,1.12
2016.10.24 15:07:19.604,1.60556,1.60588,1.75,1.00
2016.10.24 15:07:19.807,1.60564,1.60593,1.00,1.00
2016.10.24 15:07:19.961,1.60568,1.60592,1.00,1.00
2016.10.24 15:07:20.012,1.60568,1.60595,1.00,1.00
2016.10.24 15:07:20.359,1.60569,1.60597,1.00,1.00
2016.10.24 15:07:20.640,1.60572,1.60597,1.00,1.00
2016.10.24 15:07:21.186,1.60573,1.60598,1.00,1.12
2016.10.24 15:07:23.436,1.60569,1.60597,2.25,1.00
2016.10.24 15:07:23.538,1.60567,1.60598,1.12,1.12
2016.10.24 15:07:24.489,1.60566,1.60598,1.12,1.87
2016.10.24 15:07:25.034,1.60567,1.60595,1.00,1.00
2016.10.24 15:07:26.130,1.60564,1.60595,1.75,1.50
2016.10.24 15:07:27.705,1.60567,1.60593,1.00,1.00
2016.10.24 15:07:29.137,1.60567,1.60594,1.00,1.00
2016.10.24 15:07:29.339,1.60563,1.60594,1.12,1.87
2016.10.24 15:07:33.677,1.60567,1.60593,1.00,1.12
2016.10.24 15:07:33.728,1.60562,1.60594,1.87,1.87
2016.10.24 15:07:35.933,1.60563,1.60592,1.12,1.00
2016.10.24 15:07:36.671,1.60563,1.6059,1.12,1.50
2016.10.24 15:07:36.992,1.60558,1.6059,1.37,1.87
2016.10.24 15:07:37.245,1.60557,1.6059,1.50,1.12
2016.10.24 15:07:37.590,1.60557,1.60588,1.50,1.00
2016.10.24 15:07:37.758,1.60557,1.6059,1.50,1.12
2016.10.24 15:07:38.791,1.60557,1.60591,1.87,3.00
2016.10.24 15:07:39.386,1.60558,1.60589,1.12,1.00
2016.10.24 15:07:39.966,1.60558,1.6059,1.12,1.12
2016.10.24 15:07:40.239,1.6056,1.6059,1.00,1.12
2016.10.24 15:07:40.542,1.60558,1.6059,1.50,1.12
2016.10.24 15:07:42.023,1.60561,1.60594,1.00,1.75
2016.10.24 15:07:42.547,1.6056,1.60593,1.50,1.75
2016.10.24 15:07:43.407,1.60559,1.60593,1.87,1.75
2016.10.24 15:07:43.809,1.60567,1.60597,1.50,2.62
2016.10.24 15:07:44.139,1.60572,1.60597,1.00,1.00
2016.10.24 15:07:44.190,1.60567,1.60597,1.37,1.00
2016.10.24 15:07:45.094,1.60567,1.60599,1.37,1.12
2016.10.24 15:07:45.145,1.60567,1.60595,1.37,1.00
2016.10.24 15:07:45.347,1.60566,1.60597,2.25,1.00
2016.10.24 15:07:46.375,1.60562,1.60597,1.87,2.62
2016.10.24 15:07:46.467,1.60563,1.60597,1.00,2.25
2016.10.24 15:07:46.988,1.60564,1.60597,1.50,1.75
2016.10.24 15:07:47.490,1.60566,1.60597,1.00,1.75
2016.10.24 15:07:48.473,1.60564,1.60597,1.00,1.75
2016.10.24 15:07:49.734,1.60564,1.60598,2.25,1.12
2016.10.24 15:07:49.785,1.60568,1.606,1.00,1.75
2016.10.24 15:07:49.836,1.60568,1.606,1.37,1.37
2016.10.24 15:07:50.193,1.60569,1.60601,3.00,1.00
2016.10.24 15:07:50.345,1.6057,1.60603,1.75,1.12
2016.10.24 15:07:50.851,1.60573,1.60605,1.87,1.50
2016.10.24 15:07:57.417,1.60564,1.60596,1.00,1.12
2016.10.24 15:07:59.338,1.60561,1.60595,1.50,2.25
2016.10.24 15:08:00.389,1.60564,1.60596,1.00,1.75
2016.10.24 15:08:00.692,1.60567,1.60596,1.00,1.75
2016.10.24 15:08:01.156,1.60567,1.60597,1.87,1.37
2016.10.24 15:08:01.479,1.60572,1.60602,1.00,1.75
2016.10.24 15:08:01.538,1.60572,1.606,1.00,1.50
2016.10.24 15:08:02.382,1.60564,1.60598,2.62,2.25
2016.10.24 15:08:02.433,1.60568,1.60598,1.00,1.75
2016.10.24 15:08:02.483,1.60568,1.606,1.50,3.00
2016.10.24 15:08:02.798,1.60568,1.606,1.87,2.62
2016.10.24 15:08:02.850,1.6057,1.60601,1.00,1.50
2016.10.24 15:08:03.547,1.60568,1.60601,1.37,1.50
2016.10.24 15:08:04.290,1.60565,1.60599,1.75,1.00
2016.10.24 15:08:04.880,1.60565,1.60599,1.75,1.50
2016.10.24 15:08:07.824,1.60564,1.60597,2.62,1.00
2016.10.24 15:08:08.128,1.60573,1.60599,1.00,1.00
2016.10.24 15:08:08.280,1.60573,1.60603,1.87,1.00
2016.10.24 15:08:08.331,1.60573,1.60606,2.25,1.46
2016.10.24 15:08:11.138,1.60576,1.60607,1.12,1.50
2016.10.24 15:08:11.599,1.60576,1.60608,2.25,1.00
2016.10.24 15:08:14.712,1.60575,1.60596,1.87,1.00
2016.10.24 15:08:14.813,1.60575,1.60596,1.00,1.00
2016.10.24 15:08:14.915,1.60571,1.60596,1.12,1.00
2016.10.24 15:08:15.016,1.60571,1.6059,1.12,1.00
2016.10.24 15:08:15.574,1.60567,1.6059,1.00,1.00
2016.10.24 15:08:16.731,1.60566,1.6059,1.12,1.00
2016.10.24 15:08:16.782,1.60567,1.60593,1.50,1.00
2016.10.24 15:08:17.035,1.60576,1.60602,1.37,1.00
2016.10.24 15:08:17.342,1.60586,1.60612,1.00,2.21
2016.10.24 15:08:17.393,1.60586,1.60612,1.00,1.00
2016.10.24 15:08:17.746,1.60585,1.60612,1.50,1.00
2016.10.24 15:08:18.554,1.60591,1.60615,1.37,1.00
2016.10.24 15:08:18.707,1.60592,1.60617,1.75,1.00
2016.10.24 15:08:19.738,1.60592,1.60617,1.00,1.00
2016.10.24 15:08:20.664,1.60593,1.60617,1.00,1.00
2016.10.24 15:08:21.145,1.60591,1.60617,2.25,1.00
2016.10.24 15:08:21.756,1.6059,1.60617,1.00,1.00
2016.10.24 15:08:22.384,1.60593,1.60617,1.00,1.00
2016.10.24 15:08:23.369,1.60591,1.60617,1.00,1.00
2016.10.24 15:08:23.586,1.60593,1.60617,1.00,1.00
2016.10.24 15:08:24.154,1.60591,1.60617,1.50,1.00
2016.10.24 15:08:24.654,1.60594,1.60617,1.00,1.00
2016.10.24 15:08:24.705,1.60594,1.60623,1.00,2.25
2016.10.24 15:08:24.807,1.60595,1.60623,1.00,1.00
2016.10.24 15:08:25.563,1.60592,1.60623,2.25,1.00
2016.10.24 15:08:25.765,1.60593,1.60619,1.12,1.00
2016.10.24 15:08:26.270,1.6059,1.6062,1.75,1.50
2016.10.24 15:08:28.042,1.6059,1.6062,1.00,1.87
2016.10.24 15:08:28.552,1.60589,1.60619,1.12,1.00
2016.10.24 15:08:30.077,1.6059,1.6062,1.00,1.12
2016.10.24 15:08:30.128,1.6059,1.6062,1.00,1.46
2016.10.24 15:08:30.432,1.60587,1.60616,1.00,1.12
2016.10.24 15:08:30.483,1.60585,1.60615,1.00,1.00
2016.10.24 15:08:30.806,1.60587,1.60616,1.12,1.87
2016.10.24 15:08:31.325,1.60587,1.60616,1.50,1.00
2016.10.24 15:08:33.244,1.60587,1.60614,1.50,1.00
2016.10.24 15:08:33.848,1.60587,1.60616,1.50,1.00
2016.10.24 15:08:35.173,1.60585,1.60614,1.75,1.00
2016.10.24 15:08:35.276,1.60584,1.60616,1.75,1.00
2016.10.24 15:08:35.327,1.60584,1.60613,1.75,1.00
2016.10.24 15:08:35.428,1.60583,1.60613,3.00,1.50
2016.10.24 15:08:37.202,1.60582,1.60612,2.25,1.00
2016.10.24 15:08:37.304,1.60578,1.60607,1.75,1.00
2016.10.24 15:08:37.355,1.60579,1.60607,1.50,1.00
2016.10.24 15:08:37.867,1.60579,1.60606,1.50,1.00
2016.10.24 15:08:39.493,1.60575,1.60605,2.25,1.00
2016.10.24 15:08:39.595,1.60573,1.60603,2.25,1.00
2016.10.24 15:08:39.848,1.60573,1.60603,1.87,1.00
2016.10.24 15:08:40.135,1.60577,1.60606,1.00,1.75
2016.10.24 15:08:40.631,1.60577,1.60606,1.50,1.00
2016.10.24 15:08:41.174,1.60577,1.60607,2.25,1.00
2016.10.24 15:08:42.070,1.60577,1.60605,1.50,1.00
2016.10.24 15:08:42.389,1.60577,1.60607,1.50,1.00
2016.10.24 15:08:43.307,1.60578,1.60608,1.00,1.00
2016.10.24 15:08:43.882,1.60581,1.60609,1.00,1.00
2016.10.24 15:08:44.704,1.6058,1.60609,1.00,1.00
2016.10.24 15:08:45.974,1.60589,1.60613,1.00,1.00
2016.10.24 15:08:46.025,1.60589,1.60617,1.00,1.12
2016.10.24 15:08:46.386,1.60589,1.60613,1.00,1.00
2016.10.24 15:08:46.592,1.60587,1.60614,1.87,1.00
2016.10.24 15:08:47.055,1.60585,1.60611,1.50,1.00
2016.10.24 15:08:47.588,1.60583,1.60612,1.75,1.00
2016.10.24 15:08:48.259,1.60583,1.60611,1.75,1.00
2016.10.24 15:08:48.790,1.60581,1.60608,1.50,1.00
2016.10.24 15:08:49.403,1.60578,1.60608,1.50,1.50
2016.10.24 15:08:49.790,1.60578,1.60606,1.00,1.00
2016.10.24 15:08:50.475,1.60578,1.60605,1.00,1.00
2016.10.24 15:08:51.610,1.60579,1.60605,1.00,1.00
2016.10.24 15:08:52.142,1.60578,1.60606,1.00,1.00
2016.10.24 15:08:52.882,1.60578,1.60605,1.00,1.00
2016.10.24 15:08:54.012,1.60578,1.60604,1.00,1.00
2016.10.24 15:08:54.520,1.60578,1.60605,1.00,2.25
2016.10.24 15:08:55.080,1.60578,1.60607,1.00,1.00
2016.10.24 15:08:58.782,1.60578,1.60606,1.00,1.00
2016.10.24 15:09:02.076,1.60578,1.60607,1.00,1.12
2016.10.24 15:09:02.631,1.60578,1.60608,1.00,1.12
2016.10.24 15:09:06.834,1.60578,1.60607,1.00,1.00
2016.10.24 15:09:08.197,1.60578,1.60606,1.00,1.00
2016.10.24 15:09:09.412,1.60578,1.60606,1.50,1.00
2016.10.24 15:09:10.557,1.60589,1.60608,1.50,1.00
2016.10.24 15:09:10.608,1.60589,1.60621,1.50,1.00
2016.10.24 15:09:10.836,1.60592,1.60621,1.00,1.12
2016.10.24 15:09:12.140,1.60594,1.60622,1.00,1.12
2016.10.24 15:09:13.920,1.60594,1.60621,1.00,1.00
2016.10.24 15:09:14.665,1.60594,1.60618,1.00,1.00
2016.10.24 15:09:15.338,1.60591,1.60618,1.00,1.00
2016.10.24 15:09:15.440,1.60589,1.60616,1.50,1.00
2016.10.24 15:09:16.639,1.60586,1.60615,1.00,1.00
2016.10.24 15:09:17.065,1.60584,1.60611,1.00,1.00
2016.10.24 15:09:17.614,1.60584,1.60612,1.00,1.00
2016.10.24 15:09:18.784,1.60584,1.60614,1.00,1.00
2016.10.24 15:09:18.840,1.60586,1.60615,1.00,1.50
2016.10.24 15:09:19.143,1.60587,1.60612,1.00,1.50
2016.10.24 15:09:19.345,1.60584,1.60612,1.00,1.50
2016.10.24 15:09:19.548,1.60586,1.60613,1.00,1.00
2016.10.24 15:09:20.531,1.60586,1.60615,1.00,1.50
2016.10.24 15:09:21.210,1.60582,1.60612,1.37,1.12
2016.10.24 15:09:21.478,1.60581,1.60611,1.00,1.87
2016.10.24 15:09:21.984,1.60582,1.60611,1.37,1.00
2016.10.24 15:09:22.393,1.60586,1.60613,1.12,1.00
2016.10.24 15:09:24.199,1.60581,1.60609,1.75,1.12
2016.10.24 15:09:24.352,1.60577,1.60603,1.50,1.00
2016.10.24 15:09:24.454,1.60574,1.60602,1.00,1.00
2016.10.24 15:09:24.555,1.60576,1.60602,1.00,1.00
2016.10.24 15:09:24.757,1.60573,1.60601,1.12,1.00
2016.10.24 15:09:25.309,1.60573,1.60601,1.12,1.37
2016.10.24 15:09:25.460,1.60569,1.60598,1.75,1.00
2016.10.24 15:09:25.967,1.60569,1.60599,1.75,1.00
2016.10.24 15:09:31.264,1.6057,1.60599,1.50,1.12
2016.10.24 15:09:31.769,1.6057,1.60594,1.00,1.00
2016.10.24 15:09:32.269,1.6057,1.60598,1.50,1.00
2016.10.24 15:09:32.886,1.6057,1.60599,1.50,1.50
2016.10.24 15:09:33.445,1.60571,1.60599,1.00,1.37
2016.10.24 15:09:33.547,1.60571,1.60601,2.25,2.25
2016.10.24 15:09:33.699,1.60572,1.60601,1.75,2.62
2016.10.24 15:09:34.002,1.60572,1.60599,2.25,1.00
2016.10.24 15:09:34.488,1.60572,1.60604,2.25,4.84
2016.10.24 15:09:34.674,1.60572,1.60599,2.25,1.00
2016.10.24 15:09:37.206,1.60572,1.60598,1.87,1.00
2016.10.24 15:09:37.257,1.6057,1.60598,2.25,1.00
2016.10.24 15:09:46.185,1.6057,1.60597,1.00,1.00
2016.10.24 15:09:46.236,1.60567,1.60593,1.50,1.00
2016.10.24 15:09:46.288,1.60564,1.60592,1.12,1.00
2016.10.24 15:09:46.338,1.60563,1.60589,1.75,1.00
2016.10.24 15:09:46.440,1.60561,1.60591,1.75,1.00
2016.10.24 15:09:46.490,1.6056,1.60589,1.75,1.00
2016.10.24 15:09:46.592,1.60563,1.60589,1.00,1.00
2016.10.24 15:09:46.643,1.60561,1.60589,1.00,1.00
2016.10.24 15:09:46.745,1.60563,1.60588,1.00,1.00
2016.10.24 15:09:47.638,1.6056,1.60588,1.50,1.00
2016.10.24 15:09:47.740,1.6056,1.60592,1.50,2.25
2016.10.24 15:09:48.093,1.60563,1.60592,1.00,1.50
2016.10.24 15:09:48.245,1.60561,1.60591,1.12,1.12
2016.10.24 15:09:48.544,1.60563,1.60592,1.00,1.50
2016.10.24 15:09:48.955,1.60563,1.60592,1.37,1.37
2016.10.24 15:09:49.157,1.60566,1.60594,1.12,1.00
2016.10.24 15:09:49.764,1.60568,1.60594,1.00,1.00
2016.10.24 15:09:50.103,1.60571,1.60593,1.50,1.00
2016.10.24 15:09:50.624,1.60571,1.60598,1.50,1.00
2016.10.24 15:09:51.136,1.60571,1.60593,1.50,1.00
2016.10.24 15:09:51.476,1.60568,1.60587,1.00,1.00
2016.10.24 15:09:51.578,1.60562,1.60583,1.50,1.00
2016.10.24 15:09:51.629,1.60557,1.60583,1.50,1.00
2016.10.24 15:09:51.731,1.60557,1.60578,1.50,1.00
2016.10.24 15:09:52.428,1.60558,1.60579,1.12,1.00
2016.10.24 15:09:53.001,1.60558,1.60578,1.12,1.00
2016.10.24 15:09:54.141,1.60558,1.60579,1.12,1.00
2016.10.24 15:09:55.215,1.60555,1.60578,1.75,1.00
2016.10.24 15:10:00.963,1.60555,1.60579,2.25,1.00
2016.10.24 15:10:02.856,1.60553,1.60578,1.37,1.00
2016.10.24 15:10:02.907,1.60552,1.60578,1.00,1.00
2016.10.24 15:10:03.465,1.60549,1.60578,2.25,1.50
2016.10.24 15:10:03.566,1.60549,1.60568,2.25,1.00
2016.10.24 15:10:03.819,1.60545,1.60573,1.75,1.00
2016.10.24 15:10:04.641,1.60548,1.60574,1.75,1.00
2016.10.24 15:10:04.843,1.60548,1.60579,1.75,1.50
2016.10.24 15:10:05.096,1.60553,1.60579,1.00,1.00
2016.10.24 15:10:05.955,1.60555,1.60579,1.00,1.00
2016.10.24 15:10:06.258,1.60555,1.60583,1.00,1.46
2016.10.24 15:10:06.893,1.60554,1.60583,1.00,1.46
2016.10.24 15:10:06.944,1.60554,1.60579,1.00,1.00
2016.10.24 15:10:07.350,1.60554,1.60579,1.37,1.00
2016.10.24 15:10:08.545,1.60554,1.60584,1.75,1.84
2016.10.24 15:10:08.849,1.60555,1.60585,1.75,1.50
2016.10.24 15:10:09.387,1.60555,1.60584,1.75,1.50
2016.10.24 15:10:09.891,1.60555,1.60583,2.25,1.00
2016.10.24 15:10:10.529,1.60555,1.60584,2.25,1.00
2016.10.24 15:10:13.865,1.60552,1.60583,1.75,1.00
2016.10.24 15:10:13.917,1.60551,1.60583,1.50,1.00
2016.10.24 15:10:14.671,1.60554,1.60584,1.00,1.87
2016.10.24 15:10:15.879,1.60552,1.60582,1.37,1.00
2016.10.24 15:10:17.125,1.60552,1.60584,1.37,1.12
2016.10.24 15:10:17.525,1.6055,1.60578,1.75,1.00
2016.10.24 15:10:17.728,1.60545,1.60574,1.00,1.00
2016.10.24 15:10:18.110,1.60545,1.60563,1.00,1.00
2016.10.24 15:10:18.161,1.6054,1.60563,1.00,1.00
2016.10.24 15:10:18.263,1.60537,1.60569,1.50,2.25
2016.10.24 15:10:18.364,1.60537,1.60564,1.50,1.00
2016.10.24 15:10:18.466,1.60537,1.60568,1.50,1.00
2016.10.24 15:10:19.405,1.60539,1.60569,1.12,1.12
2016.10.24 15:10:20.127,1.60543,1.60569,1.00,1.12
2016.10.24 15:10:21.066,1.60541,1.60569,1.00,1.12
2016.10.24 15:10:21.741,1.6054,1.60569,1.00,1.12
2016.10.24 15:10:22.206,1.6054,1.60563,1.00,1.00
2016.10.24 15:10:23.687,1.6054,1.60568,1.00,1.00
2016.10.24 15:10:24.091,1.6054,1.60564,1.00,1.00
2016.10.24 15:10:24.488,1.60537,1.60567,1.00,1.87
2016.10.24 15:10:25.129,1.60538,1.60569,1.00,2.25
2016.10.24 15:10:25.234,1.60536,1.60568,1.00,1.75
2016.10.24 15:10:25.929,1.60538,1.60568,1.00,1.75
2016.10.24 15:10:26.500,1.60538,1.60568,1.37,1.37
2016.10.24 15:10:26.551,1.60538,1.60568,1.75,1.00
2016.10.24 15:10:26.652,1.6054,1.6057,1.50,1.00
2016.10.24 15:10:27.154,1.60538,1.60568,1.75,1.00
2016.10.24 15:10:29.554,1.60542,1.60571,1.00,1.12
2016.10.24 15:10:31.257,1.60539,1.60569,1.75,1.00
2016.10.24 15:10:32.886,1.60541,1.60571,1.12,1.12
2016.10.24 15:10:33.044,1.60539,1.60569,1.75,1.00
2016.10.24 15:10:33.247,1.60541,1.60571,1.12,1.12
2016.10.24 15:10:33.551,1.60537,1.60568,2.25,1.00
2016.10.24 15:10:33.652,1.60537,1.60568,1.12,1.50
2016.10.24 15:10:34.892,1.60537,1.60566,1.12,1.00
2016.10.24 15:10:35.094,1.60534,1.60558,1.37,1.00
2016.10.24 15:10:35.405,1.60534,1.60564,1.37,1.87
2016.10.24 15:10:35.759,1.60533,1.60564,1.00,1.50
2016.10.24 15:10:36.808,1.60537,1.60567,1.12,1.87
2016.10.24 15:10:37.112,1.60546,1.60572,1.37,1.12
2016.10.24 15:10:37.162,1.60548,1.60576,1.37,1.00
2016.10.24 15:10:37.314,1.60548,1.60574,1.37,1.00
2016.10.24 15:10:37.416,1.60545,1.60574,1.50,1.00
2016.10.24 15:10:37.468,1.60545,1.60574,1.12,1.00
2016.10.24 15:10:37.835,1.60544,1.60573,1.50,1.87
2016.10.24 15:10:38.138,1.60542,1.60569,1.75,1.12
2016.10.24 15:10:38.391,1.60542,1.60571,1.75,1.00
2016.10.24 15:10:38.442,1.60541,1.60571,1.12,1.00
2016.10.24 15:10:38.884,1.60544,1.60572,1.00,1.87
2016.10.24 15:10:39.542,1.60544,1.60574,1.37,1.00
2016.10.24 15:10:39.593,1.60548,1.60577,1.00,1.50
2016.10.24 15:10:39.745,1.60548,1.60577,1.37,1.00
2016.10.24 15:10:40.502,1.6055,1.60577,1.00,1.00
2016.10.24 15:10:41.009,1.60549,1.60577,1.12,1.12
2016.10.24 15:10:41.111,1.60546,1.60577,1.37,2.25
2016.10.24 15:10:41.162,1.60543,1.60575,1.50,1.37
2016.10.24 15:10:41.592,1.60542,1.6057,1.75,1.00
2016.10.24 15:10:42.482,1.60541,1.60568,1.75,1.00
2016.10.24 15:10:42.684,1.60537,1.60567,1.09,1.00
2016.10.24 15:10:43.039,1.60535,1.60567,1.71,1.50
2016.10.24 15:10:43.090,1.60535,1.60565,1.00,1.12
2016.10.24 15:10:43.191,1.60533,1.60563,1.12,1.00
2016.10.24 15:10:43.595,1.60536,1.60565,1.00,1.12
2016.10.24 15:10:44.193,1.60543,1.60573,1.00,3.37
2016.10.24 15:10:44.295,1.60546,1.60573,1.00,1.50
2016.10.24 15:10:44.346,1.60546,1.60573,1.50,1.00
2016.10.24 15:10:44.396,1.60546,1.60577,1.50,1.12
2016.10.24 15:10:44.952,1.60548,1.60578,1.12,2.25
2016.10.24 15:10:45.553,1.60548,1.60575,1.12,1.00
2016.10.24 15:10:45.705,1.60538,1.60569,2.25,1.00
2016.10.24 15:10:46.792,1.60542,1.6057,1.00,1.12
2016.10.24 15:10:46.847,1.60539,1.60571,1.37,1.37
2016.10.24 15:10:47.399,1.60541,1.60573,1.00,2.25
2016.10.24 15:10:47.740,1.60549,1.60573,1.37,1.37
2016.10.24 15:10:47.791,1.60548,1.60579,2.62,1.00
2016.10.24 15:10:48.145,1.60552,1.60579,1.00,1.00
2016.10.24 15:10:48.196,1.60552,1.60582,1.00,1.50
2016.10.24 15:10:48.297,1.60552,1.60578,1.00,1.00
2016.10.24 15:10:48.399,1.60551,1.60582,1.00,1.00
2016.10.24 15:10:48.500,1.60553,1.60583,1.00,1.12
2016.10.24 15:10:49.121,1.60553,1.60583,1.87,1.00
2016.10.24 15:10:49.273,1.60553,1.60583,1.00,1.12
2016.10.24 15:10:56.033,1.60555,1.60585,1.00,1.75
2016.10.24 15:10:56.460,1.60552,1.60583,1.50,1.12
2016.10.24 15:10:58.324,1.60551,1.60583,1.12,2.62
2016.10.24 15:10:58.425,1.60559,1.60582,1.00,1.00
2016.10.24 15:10:58.527,1.60557,1.60583,1.00,2.62
2016.10.24 15:10:58.839,1.6056,1.60583,1.00,1.50
2016.10.24 15:10:59.167,1.60564,1.60586,1.00,1.00
2016.10.24 15:10:59.735,1.60564,1.60587,1.00,1.00
2016.10.24 15:11:00.187,1.60576,1.60588,1.00,1.00
2016.10.24 15:11:00.240,1.60576,1.60598,1.00,1.00
2016.10.24 15:11:00.392,1.6058,1.60599,1.00,1.50
2016.10.24 15:11:01.023,1.6058,1.606,1.00,1.00
2016.10.24 15:11:01.536,1.60581,1.60602,1.00,1.50
2016.10.24 15:11:01.587,1.60576,1.60602,1.00,1.50
2016.10.24 15:11:02.223,1.60576,1.60599,1.00,1.00
2016.10.24 15:11:04.134,1.60576,1.60598,1.00,1.00
2016.10.24 15:11:04.925,1.60576,1.60597,1.00,1.00
2016.10.24 15:11:05.536,1.60576,1.60598,1.00,1.00
2016.10.24 15:11:05.942,1.60572,1.60596,1.00,1.00
2016.10.24 15:11:06.044,1.60574,1.60595,1.00,1.00
2016.10.24 15:11:06.095,1.6057,1.60595,1.00,1.00
2016.10.24 15:11:06.146,1.6057,1.60593,1.00,1.00
2016.10.24 15:11:06.348,1.6057,1.60595,1.00,1.00
2016.10.24 15:11:06.449,1.6057,1.60593,1.00,1.00
2016.10.24 15:11:06.500,1.60564,1.60593,1.87,1.00
2016.10.24 15:11:06.551,1.60567,1.60598,1.00,2.62
2016.10.24 15:11:07.220,1.60574,1.60598,1.00,1.50
2016.10.24 15:11:07.293,1.60575,1.606,1.00,1.00
2016.10.24 15:11:07.345,1.60576,1.60602,1.00,1.00
2016.10.24 15:11:07.548,1.60575,1.60604,1.00,1.50
2016.10.24 15:11:08.158,1.60576,1.60603,1.00,1.12
2016.10.24 15:11:08.209,1.60576,1.60599,1.00,1.00
2016.10.24 15:11:08.361,1.6057,1.60594,1.00,1.00
2016.10.24 15:11:08.715,1.6057,1.60593,1.00,1.37
2016.10.24 15:11:08.766,1.60566,1.60591,1.00,1.00
2016.10.24 15:11:09.981,1.60566,1.60591,1.00,1.37
2016.10.24 15:11:10.864,1.60566,1.60594,1.50,1.12
2016.10.24 15:11:11.385,1.6057,1.60594,1.00,1.12
2016.10.24 15:11:13.069,1.60574,1.60599,1.00,1.87
2016.10.24 15:11:13.494,1.60574,1.60603,1.00,1.12
2016.10.24 15:11:13.544,1.60574,1.60598,1.00,1.00
2016.10.24 15:11:14.144,1.60574,1.60601,1.00,1.00
2016.10.24 15:11:14.812,1.60579,1.60601,1.00,1.00
2016.10.24 15:11:14.863,1.60579,1.60603,1.00,1.00
2016.10.24 15:11:15.871,1.60579,1.60604,1.00,1.00
2016.10.24 15:11:16.037,1.60579,1.60599,1.00,1.00
2016.10.24 15:11:17.335,1.60583,1.60599,1.00,1.00
2016.10.24 15:11:17.639,1.60587,1.60609,1.00,1.00
2016.10.24 15:11:19.154,1.60591,1.60608,1.00,1.00
2016.10.24 15:11:19.428,1.60591,1.60613,1.00,1.00
2016.10.24 15:11:19.933,1.60591,1.60608,1.00,1.00
2016.10.24 15:11:20.074,1.60591,1.60613,1.00,1.00
2016.10.24 15:11:20.579,1.60591,1.60614,1.00,1.00
2016.10.24 15:11:22.449,1.60591,1.60613,1.00,1.00
2016.10.24 15:11:24.274,1.60591,1.60618,1.00,2.62
2016.10.24 15:11:24.375,1.60591,1.60615,1.00,1.00
2016.10.24 15:11:24.476,1.60588,1.60618,1.00,1.87
2016.10.24 15:11:24.679,1.6059,1.60618,1.00,1.12
2016.10.24 15:11:25.181,1.60592,1.60618,1.00,1.12
2016.10.24 15:11:25.585,1.60594,1.60618,1.00,1.00
2016.10.24 15:11:26.160,1.60593,1.60618,1.12,1.00
2016.10.24 15:11:26.928,1.60593,1.60619,1.12,1.00
2016.10.24 15:11:29.397,1.60592,1.60614,1.37,1.12
2016.10.24 15:11:29.450,1.60584,1.60614,1.00,1.50
2016.10.24 15:11:29.864,1.60587,1.60614,1.00,1.50
2016.10.24 15:11:30.488,1.60587,1.60614,1.00,1.00
2016.10.24 15:11:31.045,1.60588,1.60616,1.00,1.50
2016.10.24 15:11:31.386,1.60588,1.60613,1.00,1.00
2016.10.24 15:11:32.661,1.60585,1.60613,1.12,1.00
2016.10.24 15:11:32.914,1.60585,1.60609,1.12,1.00
2016.10.24 15:11:33.016,1.60578,1.60606,1.00,1.00
2016.10.24 15:11:33.348,1.60578,1.60606,1.00,1.87
2016.10.24 15:11:33.400,1.60576,1.60605,1.00,1.75
2016.10.24 15:11:37.582,1.60572,1.60604,1.12,2.25
2016.10.24 15:11:38.656,1.60572,1.60599,1.12,1.00
2016.10.24 15:11:38.887,1.60572,1.60604,1.12,2.25
2016.10.24 15:11:39.815,1.60572,1.60598,1.12,1.00
2016.10.24 15:11:40.133,1.60572,1.60593,1.12,1.00
2016.10.24 15:11:41.207,1.60572,1.60598,1.12,1.00
2016.10.24 15:11:41.689,1.60572,1.60594,1.00,1.00
2016.10.24 15:11:43.289,1.60574,1.60594,1.00,1.00
2016.10.24 15:11:43.492,1.60571,1.60594,1.00,1.00
2016.10.24 15:11:44.015,1.60571,1.60593,1.00,1.00
2016.10.24 15:11:44.525,1.60572,1.60593,1.00,1.00
2016.10.24 15:11:44.986,1.60572,1.60598,1.00,1.00
2016.10.24 15:11:45.579,1.60571,1.60598,1.00,1.00
2016.10.24 15:11:46.552,1.60571,1.60598,1.34,1.00
2016.10.24 15:11:47.108,1.60571,1.60594,1.34,1.00
2016.10.24 15:11:48.294,1.60573,1.60598,1.00,1.00
2016.10.24 15:11:49.298,1.60576,1.60598,1.00,1.00
2016.10.24 15:11:49.500,1.60574,1.60598,1.00,1.00
2016.10.24 15:11:50.598,1.60574,1.60598,1.37,1.00
2016.10.24 15:11:51.119,1.60575,1.60599,1.00,1.00
2016.10.24 15:11:51.838,1.60578,1.60599,1.00,1.00
2016.10.24 15:11:51.891,1.60578,1.60607,1.12,1.00
2016.10.24 15:11:52.416,1.60576,1.60606,1.75,1.00
2016.10.24 15:11:53.210,1.60578,1.60607,1.12,1.50
2016.10.24 15:11:54.287,1.60577,1.60608,1.50,3.00
2016.10.24 15:11:55.570,1.60577,1.60607,1.50,1.00
2016.10.24 15:11:56.316,1.60577,1.60604,1.12,1.00
2016.10.24 15:11:56.799,1.60574,1.60604,1.00,1.00
2016.10.24 15:11:57.002,1.60574,1.60606,1.00,1.87
2016.10.24 15:11:57.225,1.60576,1.60607,1.00,2.25
2016.10.24 15:12:08.144,1.60577,1.60607,1.00,2.62
2016.10.24 15:12:08.461,1.60576,1.60603,1.00,1.00
2016.10.24 15:12:08.764,1.60575,1.60598,1.00,1.00
2016.10.24 15:12:09.344,1.60576,1.60598,1.00,1.00
2016.10.24 15:12:11.729,1.60576,1.60599,1.00,1.00
2016.10.24 15:12:14.084,1.60576,1.60598,1.00,1.00
2016.10.24 15:12:15.939,1.60576,1.60599,1.00,1.00
2016.10.24 15:12:17.330,1.60576,1.60593,1.00,1.00
2016.10.24 15:12:17.845,1.60576,1.60598,1.00,1.00
2016.10.24 15:12:18.735,1.60576,1.60599,1.00,1.00
2016.10.24 15:12:19.213,1.60576,1.60594,1.00,1.00
2016.10.24 15:12:19.264,1.60571,1.60594,1.00,1.00
2016.10.24 15:12:20.714,1.60571,1.60598,1.00,1.00
2016.10.24 15:12:21.603,1.60571,1.60593,1.00,1.00
2016.10.24 15:12:22.178,1.60572,1.60593,1.00,1.00
2016.10.24 15:12:22.738,1.60572,1.60594,1.84,1.00
2016.10.24 15:12:24.611,1.60572,1.60593,1.00,1.00
2016.10.24 15:12:24.948,1.60571,1.60599,1.50,1.00
2016.10.24 15:12:25.100,1.60575,1.60599,1.00,1.00
2016.10.24 15:12:26.441,1.60572,1.60593,1.00,1.00
2016.10.24 15:12:26.845,1.60572,1.60599,1.00,1.00
2016.10.24 15:12:27.385,1.60572,1.60598,1.00,1.00
2016.10.24 15:12:27.902,1.60572,1.60599,1.00,1.50
2016.10.24 15:12:29.826,1.60572,1.60594,1.00,1.00
2016.10.24 15:12:30.427,1.60572,1.60598,1.00,1.00
2016.10.24 15:12:32.240,1.6058,1.60598,1.00,1.00
2016.10.24 15:12:32.292,1.60586,1.60613,1.00,1.00
2016.10.24 15:12:32.343,1.60591,1.60618,1.00,1.75
2016.10.24 15:12:32.595,1.60597,1.60627,1.00,1.75
2016.10.24 15:12:33.373,1.60596,1.60626,1.50,1.75
2016.10.24 15:12:36.921,1.60596,1.60623,1.50,1.00
2016.10.24 15:12:38.350,1.60598,1.60627,1.00,1.75
2016.10.24 15:12:38.861,1.60598,1.60623,1.00,1.00
2016.10.24 15:12:39.556,1.60598,1.60624,1.00,1.12
2016.10.24 15:12:39.894,1.60593,1.60615,1.00,1.00
2016.10.24 15:12:39.945,1.60593,1.60618,1.00,1.00
2016.10.24 15:12:42.458,1.60593,1.60619,1.00,1.00
2016.10.24 15:12:44.170,1.60593,1.60622,1.37,1.00
2016.10.24 15:12:44.220,1.60594,1.60623,1.87,1.00
2016.10.24 15:12:45.149,1.60596,1.60624,1.37,1.00
2016.10.24 15:12:45.653,1.60596,1.60622,1.37,1.00
2016.10.24 15:12:45.855,1.60594,1.60624,1.75,1.84
2016.10.24 15:12:48.850,1.60595,1.60623,1.50,1.00
2016.10.24 15:12:49.638,1.60593,1.60614,1.75,1.00
2016.10.24 15:12:49.707,1.60583,1.60608,1.00,1.00
2016.10.24 15:12:49.758,1.60582,1.60603,1.00,1.00
2016.10.24 15:12:49.809,1.60576,1.60603,1.00,1.50
2016.10.24 15:12:53.325,1.60576,1.60598,1.00,1.00
2016.10.24 15:12:53.680,1.60576,1.60603,1.00,2.25
2016.10.24 15:12:54.034,1.60576,1.60601,1.00,1.00
2016.10.24 15:12:54.136,1.60576,1.60603,1.00,1.50
2016.10.24 15:12:56.792,1.60576,1.60599,1.00,1.00
2016.10.24 15:12:56.994,1.60576,1.60603,1.00,1.50
2016.10.24 15:12:57.095,1.60576,1.60603,1.37,1.12
2016.10.24 15:12:57.297,1.60582,1.60609,1.50,1.09
2016.10.24 15:12:57.974,1.60582,1.60608,1.87,1.00
2016.10.24 15:12:58.533,1.60583,1.60608,1.00,1.00
2016.10.24 15:13:01.583,1.60583,1.60609,1.46,1.00
2016.10.24 15:13:01.684,1.60585,1.60614,1.00,1.37
2016.10.24 15:13:02.310,1.60586,1.60616,1.00,2.25
2016.10.24 15:13:09.335,1.60586,1.60615,1.00,1.37
2016.10.24 15:13:09.538,1.60586,1.60615,1.00,1.87
2016.10.24 15:13:10.170,1.60585,1.60613,1.00,1.50
2016.10.24 15:13:11.578,1.60591,1.60613,1.00,1.00
2016.10.24 15:13:11.916,1.60588,1.60614,1.75,1.00
2016.10.24 15:13:12.017,1.60588,1.60614,1.12,1.00
2016.10.24 15:13:12.564,1.60588,1.60613,1.12,1.00
2016.10.24 15:13:12.936,1.60588,1.60614,1.75,1.00
2016.10.24 15:13:12.987,1.60588,1.60619,1.75,1.50
2016.10.24 15:13:13.549,1.60593,1.60618,1.00,1.00
2016.10.24 15:13:14.605,1.60593,1.60622,1.00,1.00
2016.10.24 15:13:14.655,1.60594,1.60624,1.37,1.50
2016.10.24 15:13:15.247,1.60596,1.60624,1.87,1.00
2016.10.24 15:13:16.616,1.60596,1.60626,2.25,1.00
2016.10.24 15:13:17.005,1.60596,1.60628,2.62,1.50
2016.10.24 15:13:17.616,1.60596,1.60624,2.62,1.00
2016.10.24 15:13:18.075,1.60591,1.60616,1.00,1.00
2016.10.24 15:13:18.766,1.60591,1.60617,1.00,1.00
2016.10.24 15:13:18.918,1.60587,1.60614,1.00,1.00
2016.10.24 15:13:19.632,1.60587,1.60613,1.00,1.00
2016.10.24 15:13:19.959,1.60584,1.60613,1.37,1.37
2016.10.24 15:13:20.471,1.60584,1.60613,1.00,1.37
2016.10.24 15:13:25.132,1.60581,1.60608,1.37,1.00
2016.10.24 15:13:25.682,1.60583,1.60608,1.00,1.00
2016.10.24 15:13:26.253,1.60583,1.60612,1.00,1.12
2016.10.24 15:13:27.616,1.60583,1.60609,1.00,1.00
2016.10.24 15:13:28.020,1.60583,1.60612,1.00,1.12
2016.10.24 15:13:28.947,1.60583,1.6061,1.00,1.00
2016.10.24 15:13:30.299,1.60583,1.60608,1.00,1.00
2016.10.24 15:13:30.893,1.60583,1.60609,1.00,1.00
2016.10.24 15:13:32.335,1.60583,1.60608,1.00,1.00
2016.10.24 15:13:36.751,1.60583,1.6061,1.00,1.00
2016.10.24 15:13:36.802,1.60588,1.60614,1.37,1.37
2016.10.24 15:13:36.903,1.60593,1.60618,1.00,1.00
2016.10.24 15:13:37.306,1.60596,1.60614,1.00,1.00
2016.10.24 15:13:37.357,1.60596,1.60619,1.00,1.00
2016.10.24 15:13:37.478,1.60596,1.60617,1.00,1.00
2016.10.24 15:13:37.781,1.60593,1.60613,1.00,1.00
2016.10.24 15:13:37.933,1.60593,1.60618,1.00,1.50
2016.10.24 15:13:37.984,1.60593,1.60616,1.00,1.00
2016.10.24 15:13:38.908,1.60587,1.60611,1.00,1.00
2016.10.24 15:13:39.011,1.60584,1.60609,1.00,1.00
2016.10.24 15:13:39.314,1.60584,1.60607,1.00,1.00
2016.10.24 15:13:40.596,1.60584,1.60608,1.00,1.00
2016.10.24 15:13:49.581,1.60579,1.60609,3.00,1.00
2016.10.24 15:13:50.348,1.60583,1.60609,1.00,1.00
2016.10.24 15:13:50.887,1.60583,1.60608,1.00,1.00
2016.10.24 15:13:51.631,1.60583,1.6061,1.00,1.00
2016.10.24 15:13:52.136,1.60579,1.6061,2.25,1.50
2016.10.24 15:13:52.744,1.60579,1.60609,2.25,1.00
2016.10.24 15:13:53.169,1.60591,1.60621,1.00,1.12
2016.10.24 15:13:53.272,1.60594,1.60621,1.00,1.00
2016.10.24 15:13:53.577,1.60595,1.60623,1.50,1.50
2016.10.24 15:13:55.565,1.60595,1.60624,1.50,1.00
2016.10.24 15:13:56.942,1.60595,1.60623,1.50,1.00
2016.10.24 15:13:58.043,1.60595,1.60624,1.50,1.00
2016.10.24 15:13:58.458,1.60586,1.60615,1.75,1.00
2016.10.24 15:13:58.976,1.60586,1.60614,1.75,1.00
2016.10.24 15:14:00.487,1.60585,1.60613,2.25,1.00
2016.10.24 15:14:02.450,1.60586,1.6061,1.75,1.00
2016.10.24 15:14:02.781,1.60584,1.60612,1.00,1.00
2016.10.24 15:14:03.334,1.60584,1.60613,1.00,1.87
2016.10.24 15:14:04.770,1.60584,1.60609,1.00,1.00
2016.10.24 15:14:05.986,1.60579,1.60609,2.25,1.00
2016.10.24 15:14:06.578,1.60579,1.60608,1.50,1.00
2016.10.24 15:14:07.934,1.60579,1.60609,2.25,1.00
2016.10.24 15:14:07.986,1.60579,1.60609,2.25,1.37
2016.10.24 15:14:08.366,1.60579,1.60595,1.00,1.00
2016.10.24 15:14:08.417,1.60565,1.60595,1.50,1.00
2016.10.24 15:14:09.634,1.60561,1.60592,2.25,1.00
2016.10.24 15:14:09.684,1.6056,1.60592,1.50,1.50
2016.10.24 15:14:09.735,1.60564,1.60592,1.00,1.00
2016.10.24 15:14:10.038,1.60564,1.60594,1.37,1.50
2016.10.24 15:14:11.438,1.60564,1.60594,1.50,1.12
2016.10.24 15:14:11.781,1.6057,1.60598,1.00,1.50
2016.10.24 15:14:12.565,1.60571,1.60598,1.00,1.37
2016.10.24 15:14:12.897,1.60563,1.60594,1.00,1.00
2016.10.24 15:14:13.049,1.60563,1.60592,1.00,1.00
2016.10.24 15:14:13.660,1.60567,1.60597,1.37,2.96
2016.10.24 15:14:14.318,1.60568,1.60598,1.12,1.12
2016.10.24 15:14:14.622,1.60572,1.60598,1.00,1.00
2016.10.24 15:14:14.995,1.60572,1.606,1.00,1.00
2016.10.24 15:14:16.384,1.60572,1.60598,1.00,1.00
2016.10.24 15:14:16.935,1.60573,1.60598,1.00,1.00
2016.10.24 15:14:17.086,1.60573,1.60603,1.00,1.50
2016.10.24 15:14:17.187,1.60573,1.60598,1.87,1.00
2016.10.24 15:14:17.389,1.60573,1.60602,2.25,1.00
2016.10.24 15:14:18.088,1.60573,1.60603,3.00,1.50
2016.10.24 15:14:24.384,1.6057,1.60601,2.25,1.00
2016.10.24 15:14:24.805,1.6057,1.60598,1.87,1.00
2016.10.24 15:14:26.819,1.60568,1.60598,2.25,1.00
2016.10.24 15:14:26.872,1.60568,1.60594,1.75,1.00
2016.10.24 15:14:27.463,1.60567,1.60593,1.75,1.00
2016.10.24 15:14:28.282,1.60565,1.60589,3.37,1.00
2016.10.24 15:14:28.333,1.60565,1.60589,1.75,1.00
2016.10.24 15:14:28.488,1.60565,1.60594,1.75,1.00
2016.10.24 15:14:30.089,1.60565,1.60593,2.25,1.00
2016.10.24 15:14:32.305,1.60564,1.60589,2.25,1.00
2016.10.24 15:14:32.885,1.60565,1.60583,1.75,1.00
2016.10.24 15:14:33.071,1.60565,1.60589,1.75,1.00
2016.10.24 15:14:33.457,1.60559,1.60586,1.75,1.00
2016.10.24 15:14:33.558,1.60556,1.60586,1.75,1.00
2016.10.24 15:14:36.167,1.60555,1.60587,2.25,1.00
2016.10.24 15:14:36.623,1.60555,1.60584,3.00,1.00
2016.10.24 15:14:38.600,1.60559,1.60586,1.37,1.00
2016.10.24 15:14:38.651,1.60563,1.60589,1.00,1.37
2016.10.24 15:14:38.955,1.60574,1.606,1.00,1.00
2016.10.24 15:14:39.318,1.60574,1.60606,1.37,1.87
2016.10.24 15:14:39.636,1.60577,1.60606,1.87,1.00
2016.10.24 15:14:39.760,1.60584,1.60615,1.00,2.25
2016.10.24 15:14:39.862,1.60584,1.60615,1.75,1.00
2016.10.24 15:14:40.115,1.60587,1.60618,1.12,2.62
2016.10.24 15:14:41.183,1.60587,1.60615,1.12,1.00
2016.10.24 15:14:41.284,1.60588,1.60617,1.00,1.12
2016.10.24 15:14:41.543,1.60588,1.60617,1.75,1.00
2016.10.24 15:14:42.784,1.60591,1.60619,1.12,2.25
2016.10.24 15:14:43.240,1.60593,1.60619,1.00,1.00
2016.10.24 15:14:43.821,1.60597,1.60618,1.00,1.00
2016.10.24 15:14:43.977,1.60595,1.60618,1.00,1.00
2016.10.24 15:14:44.331,1.60595,1.60619,1.34,1.00
2016.10.24 15:14:44.432,1.60598,1.60623,1.09,1.00
2016.10.24 15:14:44.736,1.60595,1.60623,2.21,1.00
2016.10.24 15:14:45.178,1.60594,1.60624,1.75,1.00
2016.10.24 15:14:45.337,1.60594,1.60618,1.75,1.00
2016.10.24 15:14:48.577,1.60599,1.60618,1.00,1.00
2016.10.24 15:14:48.628,1.60599,1.60623,1.00,1.00
2016.10.24 15:14:49.521,1.60597,1.60624,1.50,1.00
2016.10.24 15:14:49.622,1.60597,1.60624,1.00,1.00
2016.10.24 15:14:50.025,1.60598,1.60624,1.37,1.00
2016.10.24 15:14:51.261,1.60599,1.60628,1.00,1.50
2016.10.24 15:14:52.589,1.606,1.60628,1.00,1.50
2016.10.24 15:14:53.138,1.60599,1.60628,1.50,1.50
2016.10.24 15:14:53.807,1.60599,1.60624,1.50,1.00
2016.10.24 15:14:54.141,1.60596,1.60613,1.00,1.00
2016.10.24 15:14:54.394,1.60575,1.60603,1.75,1.00
2016.10.24 15:14:55.135,1.60575,1.60605,1.75,1.00
2016.10.24 15:14:56.907,1.60573,1.60604,1.00,1.50
2016.10.24 15:14:57.110,1.60572,1.60601,1.00,1.00
2016.10.24 15:14:57.641,1.60571,1.60601,1.46,1.00
2016.10.24 15:14:58.027,1.60573,1.60602,1.00,1.00
2016.10.24 15:14:58.330,1.60573,1.60604,1.75,1.00
2016.10.24 15:14:59.042,1.60573,1.60603,2.25,1.50
2016.10.24 15:14:59.910,1.60573,1.60602,1.87,1.00
2016.10.24 15:15:01.507,1.60572,1.60599,2.25,1.00
2016.10.24 15:15:02.263,1.60572,1.606,1.75,1.00
2016.10.24 15:15:02.731,1.60573,1.60598,1.75,1.00
2016.10.24 15:15:03.128,1.60573,1.60594,1.75,1.00
2016.10.24 15:15:05.939,1.60573,1.60599,1.75,1.00
2016.10.24 15:15:07.126,1.60572,1.60594,1.75,1.00
2016.10.24 15:15:07.633,1.60572,1.60593,1.75,1.00
2016.10.24 15:15:07.964,1.60572,1.60598,1.75,1.00
2016.10.24 15:15:09.355,1.60573,1.60594,1.09,1.00
2016.10.24 15:15:10.047,1.60573,1.60598,1.09,1.00
2016.10.24 15:15:10.148,1.60571,1.60589,1.12,1.00
2016.10.24 15:15:10.886,1.60558,1.60588,1.09,1.00
2016.10.24 15:15:10.937,1.60558,1.60585,1.09,1.00
2016.10.24 15:15:11.449,1.60556,1.60587,1.12,1.00
2016.10.24 15:15:11.950,1.60567,1.60595,1.00,1.12
2016.10.24 15:15:12.051,1.60567,1.60597,1.50,1.00
2016.10.24 15:15:12.558,1.60567,1.60599,1.50,1.50
2016.10.24 15:15:16.745,1.60565,1.60591,1.12,1.00
2016.10.24 15:15:16.815,1.60559,1.60587,1.00,1.00
2016.10.24 15:15:17.135,1.60559,1.60585,1.00,1.00
2016.10.24 15:15:17.337,1.60559,1.60587,1.00,1.00
2016.10.24 15:15:17.846,1.60559,1.60586,1.00,1.00
2016.10.24 15:15:18.590,1.6056,1.60586,1.00,1.00
2016.10.24 15:15:18.641,1.6056,1.6059,1.00,1.00
2016.10.24 15:15:18.990,1.60564,1.6059,1.37,1.00
2016.10.24 15:15:19.147,1.60567,1.60597,1.00,1.50
2016.10.24 15:15:19.248,1.60569,1.60599,1.00,1.75
2016.10.24 15:15:19.779,1.6057,1.606,1.00,1.75
2016.10.24 15:15:20.613,1.60569,1.60599,1.12,1.75
2016.10.24 15:15:20.664,1.60573,1.60602,1.00,1.00
2016.10.24 15:15:21.243,1.60574,1.60602,1.00,1.00
2016.10.24 15:15:22.556,1.60575,1.60602,1.00,1.00
2016.10.24 15:15:23.095,1.60573,1.60602,2.62,1.00
2016.10.24 15:15:23.146,1.60575,1.60602,1.00,1.00
2016.10.24 15:15:23.840,1.60572,1.60602,1.87,1.00
2016.10.24 15:15:24.390,1.60572,1.60602,1.50,1.00
2016.10.24 15:15:24.894,1.60574,1.60602,1.00,1.00
2016.10.24 15:15:26.567,1.60572,1.60602,1.50,1.00
2016.10.24 15:15:26.769,1.60573,1.606,1.00,1.00
2016.10.24 15:15:26.871,1.60571,1.606,2.25,1.00
2016.10.24 15:15:28.443,1.60575,1.60602,1.50,1.00
2016.10.24 15:15:28.595,1.60575,1.60604,3.00,1.00
2016.10.24 15:15:29.128,1.60575,1.60603,1.00,1.00
2016.10.24 15:15:30.989,1.60575,1.60602,1.00,1.00
2016.10.24 15:15:31.847,1.60575,1.60603,1.50,1.00
2016.10.24 15:15:32.231,1.60575,1.60604,1.37,1.00
2016.10.24 15:15:32.282,1.60582,1.60611,2.62,1.50
2016.10.24 15:15:32.333,1.60583,1.60614,1.37,3.00
2016.10.24 15:15:32.742,1.60589,1.60618,1.12,1.00
2016.10.24 15:15:34.057,1.6059,1.60617,1.37,1.00
2016.10.24 15:15:34.108,1.60587,1.60617,1.50,1.12
2016.10.24 15:15:34.614,1.60586,1.60616,1.50,1.00
2016.10.24 15:15:35.031,1.60586,1.60613,1.50,1.00
2016.10.24 15:15:35.856,1.60587,1.60613,1.37,1.00
2016.10.24 15:15:36.453,1.60587,1.60613,1.50,1.00
2016.10.24 15:15:36.979,1.60588,1.60614,1.00,1.00
2016.10.24 15:15:37.485,1.60588,1.60614,1.50,1.00
2016.10.24 15:15:38.186,1.60588,1.60614,1.00,1.00
2016.10.24 15:15:38.493,1.60589,1.60614,1.50,1.00
2016.10.24 15:15:38.696,1.60588,1.60617,2.62,1.00
2016.10.24 15:15:41.593,1.60589,1.60618,1.87,1.00
2016.10.24 15:15:46.641,1.6059,1.60622,1.87,1.50
2016.10.24 15:15:47.507,1.60592,1.60621,1.00,1.12
2016.10.24 15:15:47.956,1.60592,1.60619,1.00,1.00
2016.10.24 15:15:50.423,1.60592,1.60613,1.50,1.00
2016.10.24 15:15:52.325,1.60592,1.60619,1.87,1.00
2016.10.24 15:15:52.923,1.60592,1.60618,1.87,1.00
2016.10.24 15:15:53.291,1.60592,1.60614,1.00,1.00
2016.10.24 15:15:53.636,1.60592,1.60618,1.00,1.00
2016.10.24 15:15:54.435,1.60589,1.60618,1.50,1.00
2016.10.24 15:15:54.501,1.60589,1.60613,1.50,1.00
2016.10.24 15:15:55.086,1.60589,1.60613,1.50,1.00
2016.10.24 15:15:57.122,1.60589,1.60614,1.50,1.00
2016.10.24 15:15:57.675,1.60589,1.60613,1.50,1.00
2016.10.24 15:15:59.137,1.60589,1.60614,1.50,1.00
2016.10.24 15:15:59.684,1.60589,1.60613,1.50,1.00
2016.10.24 15:16:00.398,1.60589,1.60608,1.00,1.00
2016.10.24 15:16:00.449,1.60582,1.6061,2.62,1.00
2016.10.24 15:16:00.500,1.60584,1.60613,1.00,1.50
2016.10.24 15:16:01.646,1.60585,1.60613,1.50,1.00
2016.10.24 15:16:01.697,1.60583,1.60613,1.00,1.75
2016.10.24 15:16:01.798,1.60581,1.60611,1.12,1.75
2016.10.24 15:16:02.629,1.6058,1.60611,1.00,1.75
2016.10.24 15:16:02.894,1.60582,1.60612,1.00,1.75
2016.10.24 15:16:03.219,1.6058,1.60612,1.50,1.75
2016.10.24 15:16:04.442,1.6058,1.60612,1.87,1.75
2016.10.24 15:16:05.038,1.6058,1.60611,1.50,1.87
2016.10.24 15:16:05.291,1.6058,1.60606,1.00,1.00
2016.10.24 15:16:06.425,1.6058,1.60605,1.00,1.00
2016.10.24 15:16:06.938,1.60576,1.60604,1.00,1.00
2016.10.24 15:16:07.409,1.60573,1.60602,1.37,1.00
2016.10.24 15:16:07.764,1.60572,1.60601,1.00,1.50
2016.10.24 15:16:07.815,1.60571,1.60601,1.00,2.25
2016.10.24 15:16:12.591,1.60568,1.60599,1.37,1.87
2016.10.24 15:16:13.143,1.6057,1.606,1.00,2.25
2016.10.24 15:16:13.757,1.60568,1.60599,1.37,1.87
2016.10.24 15:16:15.025,1.60567,1.60597,1.50,1.00
2016.10.24 15:16:16.396,1.60567,1.60597,1.00,1.75
2016.10.24 15:16:16.925,1.60567,1.60593,1.00,1.00
2016.10.24 15:16:18.014,1.60567,1.60597,1.12,1.75
2016.10.24 15:16:18.115,1.60567,1.60597,1.37,1.75
2016.10.24 15:16:18.893,1.60567,1.60597,1.37,1.75
2016.10.24 15:16:19.591,1.60567,1.60597,1.87,1.75
2016.10.24 15:16:21.934,1.60567,1.60597,2.25,1.00
2016.10.24 15:16:23.490,1.60567,1.60597,2.25,1.00
2016.10.24 15:16:24.942,1.60579,1.60604,1.37,1.00
2016.10.24 15:16:25.008,1.60579,1.6061,1.12,1.00
2016.10.24 15:16:25.533,1.60579,1.6061,1.37,1.00
2016.10.24 15:16:26.099,1.60579,1.6061,1.00,1.00
2016.10.24 15:16:26.836,1.60579,1.60605,1.00,1.00
2016.10.24 15:16:26.937,1.60569,1.60601,1.50,1.87
2016.10.24 15:16:27.485,1.6057,1.60601,1.00,1.50
2016.10.24 15:16:29.732,1.60568,1.606,1.87,1.37
2016.10.24 15:16:35.654,1.60567,1.60593,3.00,1.00
2016.10.24 15:16:36.450,1.60568,1.60594,1.37,1.00
2016.10.24 15:16:38.553,1.60568,1.60593,1.37,1.00
2016.10.24 15:16:38.995,1.60568,1.60599,1.37,1.87
2016.10.24 15:16:39.518,1.6057,1.60599,1.00,1.12
2016.10.24 15:16:40.051,1.60571,1.60598,1.50,1.00
2016.10.24 15:16:42.058,1.60571,1.60599,1.50,1.12
2016.10.24 15:16:42.902,1.60571,1.60598,1.50,1.00
2016.10.24 15:16:44.791,1.60572,1.60603,1.00,2.25
2016.10.24 15:16:45.416,1.60574,1.60604,1.00,2.25
2016.10.24 15:16:45.467,1.60574,1.60604,1.00,1.50
2016.10.24 15:16:49.377,1.60581,1.60609,1.00,1.12
2016.10.24 15:16:49.478,1.60583,1.60613,1.12,3.00
2016.10.24 15:16:49.782,1.60587,1.60613,1.37,1.87
2016.10.24 15:16:49.834,1.60588,1.60619,1.12,1.84
2016.10.24 15:16:50.336,1.60589,1.60619,1.00,1.84
2016.10.24 15:16:51.787,1.60589,1.60619,1.50,1.50
2016.10.24 15:16:52.677,1.60591,1.60618,2.25,1.00
2016.10.24 15:16:53.819,1.60593,1.60619,1.12,1.00
2016.10.24 15:16:54.490,1.60593,1.60618,1.12,1.00
2016.10.24 15:16:54.968,1.60588,1.60615,1.75,1.00
2016.10.24 15:16:55.059,1.60593,1.60623,1.00,1.37
2016.10.24 15:16:55.160,1.60593,1.60624,2.62,1.37
2016.10.24 15:16:55.211,1.60593,1.60625,2.25,1.00
2016.10.24 15:16:55.312,1.60593,1.60623,2.25,1.00
2016.10.24 15:16:58.144,1.60595,1.60624,1.50,1.00
2016.10.24 15:16:58.758,1.60595,1.60623,1.50,1.00
2016.10.24 15:16:59.639,1.60595,1.60624,1.50,1.00
2016.10.24 15:17:01.614,1.60595,1.60623,1.50,1.00
2016.10.24 15:17:04.353,1.60593,1.60618,2.25,1.00
2016.10.24 15:17:04.738,1.6059,1.60618,2.62,1.00
2016.10.24 15:17:04.940,1.60588,1.60618,1.50,1.50
2016.10.24 15:17:07.224,1.60586,1.60616,1.50,1.00
2016.10.24 15:17:08.345,1.60588,1.60618,1.00,1.87
2016.10.24 15:17:10.049,1.60589,1.60618,1.00,1.50
2016.10.24 15:17:10.252,1.60591,1.60621,1.12,1.12
2016.10.24 15:17:10.303,1.60592,1.60621,1.37,1.12
2016.10.24 15:17:10.970,1.60592,1.60621,1.00,1.50
2016.10.24 15:17:12.140,1.60589,1.60618,1.12,1.00
2016.10.24 15:17:12.676,1.60589,1.60617,1.75,1.00
2016.10.24 15:17:13.234,1.60588,1.60618,1.75,1.00
2016.10.24 15:17:13.948,1.60588,1.6062,2.25,1.00
2016.10.24 15:17:16.154,1.60589,1.60621,2.25,1.12
2016.10.24 15:17:16.255,1.60593,1.60622,1.00,2.25
2016.10.24 15:17:16.704,1.60591,1.60622,1.12,2.25
2016.10.24 15:17:17.385,1.60593,1.60623,1.00,2.25
2016.10.24 15:17:18.985,1.60594,1.60622,1.00,1.50
2016.10.24 15:17:19.427,1.60594,1.60624,1.37,3.00
2016.10.24 15:17:19.967,1.60594,1.60623,1.37,1.00
2016.10.24 15:17:20.472,1.60594,1.60624,1.87,1.50
2016.10.24 15:17:20.982,1.60596,1.60623,1.00,1.00
2016.10.24 15:17:21.529,1.60597,1.60623,1.00,1.00
2016.10.24 15:17:21.890,1.60597,1.60627,1.00,2.25
2016.10.24 15:17:21.992,1.60595,1.60626,1.12,1.37
2016.10.24 15:17:22.043,1.60598,1.60627,1.00,1.50
2016.10.24 15:17:22.420,1.60598,1.60625,1.00,1.50
2016.10.24 15:17:22.785,1.60588,1.60618,1.50,1.50
2016.10.24 15:17:22.886,1.6059,1.60618,1.00,1.00
2016.10.24 15:17:23.491,1.60588,1.60618,1.00,1.00
2016.10.24 15:17:24.193,1.60585,1.60608,1.00,1.00
2016.10.24 15:17:24.737,1.60586,1.60608,1.00,1.00
2016.10.24 15:17:25.947,1.60586,1.60613,1.00,1.00
2016.10.24 15:17:32.153,1.60588,1.60613,1.12,1.00
2016.10.24 15:17:32.203,1.60596,1.60623,1.00,1.75
2016.10.24 15:17:32.254,1.60596,1.60624,1.37,1.37
2016.10.24 15:17:32.305,1.60596,1.60627,1.75,1.00
2016.10.24 15:17:32.457,1.60596,1.60618,2.25,1.00
2016.10.24 15:17:32.608,1.60589,1.60618,1.87,1.00
2016.10.24 15:17:32.709,1.60589,1.60617,1.12,1.00
2016.10.24 15:17:32.760,1.60588,1.60619,1.50,1.12
2016.10.24 15:17:33.159,1.60588,1.60617,1.50,1.00
2016.10.24 15:17:33.561,1.60589,1.60619,1.12,1.50
2016.10.24 15:17:33.884,1.60588,1.60617,1.50,1.00
2016.10.24 15:17:34.188,1.6059,1.60619,1.00,1.50
2016.10.24 15:17:34.932,1.60587,1.60618,1.75,1.12
2016.10.24 15:17:35.532,1.6059,1.60618,1.00,1.12
2016.10.24 15:17:36.385,1.6059,1.60617,1.00,1.00
2016.10.24 15:17:36.893,1.60588,1.60617,1.50,1.50
2016.10.24 15:17:38.089,1.60588,1.60618,2.25,1.00
2016.10.24 15:17:38.140,1.60588,1.60618,1.75,1.00
2016.10.24 15:17:38.241,1.60592,1.60621,1.75,1.50
2016.10.24 15:17:38.443,1.60593,1.60624,1.50,1.87
2016.10.24 15:17:39.085,1.60593,1.60623,1.50,1.00
2016.10.24 15:17:39.237,1.60593,1.60624,1.75,2.62
2016.10.24 15:17:39.856,1.60594,1.60624,2.25,1.50
2016.10.24 15:17:43.321,1.60598,1.60628,1.12,1.87
2016.10.24 15:17:43.422,1.60598,1.60628,1.75,1.50
2016.10.24 15:17:44.510,1.60598,1.60626,1.75,1.00
2016.10.24 15:17:44.626,1.60594,1.60626,3.37,1.00
2016.10.24 15:17:47.585,1.60594,1.60623,2.62,1.00
2016.10.24 15:17:47.892,1.60597,1.60627,1.00,1.00
2016.10.24 15:17:50.486,1.60598,1.60628,1.00,1.12
2016.10.24 15:17:50.998,1.60596,1.60628,1.87,1.12
2016.10.24 15:17:52.253,1.6059,1.60617,1.37,1.00
2016.10.24 15:17:52.304,1.60589,1.60617,1.00,1.00
2016.10.24 15:17:52.506,1.60586,1.60617,1.87,1.00
2016.10.24 15:17:53.934,1.60586,1.60617,2.21,1.00
2016.10.24 15:17:54.085,1.60589,1.60619,1.00,1.50
2016.10.24 15:17:55.206,1.60585,1.60615,1.50,1.00
2016.10.24 15:17:56.093,1.60582,1.60611,1.12,1.12
2016.10.24 15:17:56.396,1.60579,1.60609,1.50,1.00
2016.10.24 15:17:57.196,1.60579,1.60611,1.87,1.12
2016.10.24 15:17:57.499,1.60582,1.60608,1.00,1.00
2016.10.24 15:17:57.802,1.60584,1.60608,1.00,1.00
2016.10.24 15:17:58.537,1.60584,1.60613,1.00,3.75
2016.10.24 15:17:59.120,1.60581,1.6061,1.87,1.00
2016.10.24 15:17:59.817,1.60582,1.6061,1.00,1.00
2016.10.24 15:18:00.588,1.60582,1.60608,1.00,1.00
2016.10.24 15:18:02.614,1.60582,1.60606,1.00,1.00
2016.10.24 15:18:02.765,1.60579,1.60605,1.00,1.00
2016.10.24 15:18:03.344,1.60578,1.60605,1.00,1.00
2016.10.24 15:18:03.870,1.60579,1.60605,1.00,1.00
2016.10.24 15:18:04.411,1.60578,1.60605,1.00,1.00
2016.10.24 15:18:04.858,1.60576,1.60604,1.00,1.00
2016.10.24 15:18:04.948,1.60576,1.60601,1.00,1.00
2016.10.24 15:18:05.099,1.60566,1.60596,1.87,1.50
2016.10.24 15:18:05.301,1.60563,1.60593,1.50,1.00
2016.10.24 15:18:06.426,1.60564,1.60593,1.00,1.00
2016.10.24 15:18:06.528,1.60568,1.60597,1.00,1.87
2016.10.24 15:18:06.579,1.60568,1.60597,1.00,1.50
2016.10.24 15:18:06.630,1.6057,1.60598,1.50,1.50
2016.10.24 15:18:06.680,1.6057,1.606,2.25,1.00
2016.10.24 15:18:06.933,1.60572,1.60598,1.00,1.00
2016.10.24 15:18:07.136,1.60568,1.60597,1.00,1.00
2016.10.24 15:18:07.669,1.60567,1.60596,1.00,1.00
2016.10.24 15:18:07.770,1.60567,1.60599,1.50,2.25
2016.10.24 15:18:07.821,1.60566,1.60598,1.37,1.37
2016.10.24 15:18:08.334,1.60566,1.60598,1.00,1.75
2016.10.24 15:18:09.438,1.60568,1.606,1.00,3.75
2016.10.24 15:18:09.742,1.60565,1.60594,1.00,1.87
2016.10.24 15:18:10.127,1.60563,1.60594,1.00,2.25
2016.10.24 15:18:11.321,1.60559,1.60589,1.87,1.00
2016.10.24 15:18:11.892,1.60559,1.60587,1.00,1.37
2016.10.24 15:18:12.196,1.60554,1.60581,1.00,1.00
2016.10.24 15:18:12.247,1.6055,1.60581,1.00,1.00
2016.10.24 15:18:12.550,1.6055,1.60581,1.00,1.50
2016.10.24 15:18:12.752,1.60548,1.60578,1.00,1.50
2016.10.24 15:18:13.937,1.60549,1.60578,1.00,1.50
2016.10.24 15:18:14.860,1.60547,1.60577,1.00,1.12
2016.10.24 15:18:17.643,1.60548,1.60578,1.00,3.00
2016.10.24 15:18:18.856,1.60546,1.60578,2.62,2.25
2016.10.24 15:18:20.237,1.60546,1.60575,1.00,1.00
2016.10.24 15:18:20.427,1.60547,1.60577,1.00,1.12
2016.10.24 15:18:21.159,1.60549,1.60578,1.00,1.50
2016.10.24 15:18:21.223,1.60545,1.60577,2.62,1.12
2016.10.24 15:18:21.429,1.60545,1.60574,2.62,1.00
2016.10.24 15:18:21.731,1.60543,1.60573,1.50,1.00
2016.10.24 15:18:22.236,1.60545,1.60573,1.00,1.00
2016.10.24 15:18:22.763,1.60545,1.60575,1.00,1.50
2016.10.24 15:18:23.229,1.60543,1.60573,1.00,1.00
2016.10.24 15:18:23.280,1.60543,1.60573,1.00,1.87
2016.10.24 15:18:23.860,1.60545,1.6057,1.00,1.00
2016.10.24 15:18:24.364,1.60545,1.60573,1.00,1.00
2016.10.24 15:18:25.017,1.60545,1.60574,1.00,1.50
2016.10.24 15:18:25.745,1.60547,1.60573,1.00,1.00
2016.10.24 15:18:26.465,1.60545,1.60573,1.00,1.00
2016.10.24 15:18:26.516,1.60545,1.60573,1.37,1.50
2016.10.24 15:18:26.617,1.60545,1.60573,1.00,1.50
2016.10.24 15:18:26.668,1.60548,1.60573,1.00,1.50
2016.10.24 15:18:27.022,1.60545,1.60573,1.00,1.50
2016.10.24 15:18:27.762,1.60547,1.60573,1.00,1.00
2016.10.24 15:18:28.490,1.60548,1.60573,1.00,1.00
2016.10.24 15:18:29.031,1.60548,1.60574,1.00,1.50
2016.10.24 15:18:29.334,1.60553,1.60581,1.00,1.50
2016.10.24 15:18:29.833,1.60555,1.60585,1.00,1.87
2016.10.24 15:18:31.262,1.60553,1.60581,1.00,1.50
2016.10.24 15:18:31.480,1.60549,1.60581,1.50,2.25
2016.10.24 15:18:32.534,1.60547,1.60579,1.75,1.00
2016.10.24 15:18:33.965,1.60551,1.60581,1.00,2.62
2016.10.24 15:18:34.850,1.6055,1.60579,1.12,1.00
2016.10.24 15:18:35.876,1.60548,1.60578,1.75,1.00
2016.10.24 15:18:36.526,1.60548,1.60577,1.75,1.00
2016.10.24 15:18:38.826,1.60548,1.60578,1.75,1.50
2016.10.24 15:18:39.358,1.60548,1.60577,1.75,1.00
2016.10.24 15:18:41.415,1.60548,1.60577,1.37,1.37
2016.10.24 15:18:42.001,1.60548,1.60577,1.00,1.75
2016.10.24 15:18:44.220,1.60548,1.60578,1.12,1.37
2016.10.24 15:18:44.271,1.60548,1.60578,1.12,1.00
2016.10.24 15:18:44.767,1.6055,1.6058,1.00,1.12
2016.10.24 15:18:45.090,1.60553,1.60583,1.00,1.75
2016.10.24 15:18:45.192,1.60554,1.60583,1.00,1.00
2016.10.24 15:18:45.243,1.60554,1.60583,1.00,1.37
2016.10.24 15:18:45.395,1.60557,1.60587,1.50,1.50
2016.10.24 15:18:46.069,1.60557,1.60589,1.12,2.25
2016.10.24 15:18:46.382,1.60552,1.60583,1.00,1.75
2016.10.24 15:18:46.880,1.60549,1.60581,1.12,1.50
2016.10.24 15:18:47.849,1.60551,1.60581,1.00,1.50
2016.10.24 15:18:50.148,1.6055,1.6058,1.50,1.12
2016.10.24 15:18:50.585,1.60554,1.60582,1.00,1.75
2016.10.24 15:18:52.280,1.60557,1.60585,1.00,1.00
2016.10.24 15:18:52.482,1.60559,1.60585,1.00,1.00
2016.10.24 15:18:52.583,1.60556,1.60585,1.12,1.00
2016.10.24 15:18:54.867,1.60553,1.60583,1.87,1.00
2016.10.24 15:18:56.316,1.60554,1.60585,1.00,1.00
2016.10.24 15:18:56.368,1.60557,1.60585,1.00,1.00
2016.10.24 15:18:57.192,1.60556,1.60585,1.00,1.00
2016.10.24 15:18:57.306,1.60554,1.60585,1.00,1.00
2016.10.24 15:18:58.080,1.60556,1.60585,1.00,1.00
2016.10.24 15:19:00.828,1.60558,1.60585,1.00,1.00
2016.10.24 15:19:01.206,1.60555,1.60585,1.00,1.50
2016.10.24 15:19:01.376,1.60557,1.60585,1.00,1.00
2016.10.24 15:19:04.469,1.6056,1.60587,1.00,1.50
2016.10.24 15:19:05.074,1.60558,1.60587,1.00,1.50
2016.10.24 15:19:05.276,1.6056,1.60587,1.00,1.00
2016.10.24 15:19:06.817,1.60558,1.60587,1.00,1.50
2016.10.24 15:19:07.605,1.60559,1.60587,1.00,1.00
2016.10.24 15:19:08.160,1.60563,1.60587,1.00,1.00
2016.10.24 15:19:08.211,1.60567,1.60594,1.00,1.87
2016.10.24 15:19:09.250,1.60568,1.60594,1.00,1.12
2016.10.24 15:19:09.351,1.60568,1.60598,1.00,1.00
2016.10.24 15:19:09.453,1.6057,1.60598,1.00,1.00
2016.10.24 15:19:09.645,1.60568,1.60598,1.00,1.00
2016.10.24 15:19:10.330,1.6057,1.60598,1.00,1.00
2016.10.24 15:19:10.383,1.6057,1.60602,2.25,1.00
2016.10.24 15:19:11.325,1.60573,1.60603,1.00,1.50
2016.10.24 15:19:13.133,1.60574,1.60604,1.00,1.87
2016.10.24 15:19:14.527,1.60575,1.60605,1.00,1.50
2016.10.24 15:19:15.284,1.60576,1.60608,1.50,2.62
2016.10.24 15:19:15.335,1.60576,1.60608,2.25,1.12
2016.10.24 15:19:15.741,1.6058,1.60612,1.00,3.00
2016.10.24 15:19:16.044,1.60585,1.60612,1.00,1.75
2016.10.24 15:19:16.145,1.60583,1.60612,1.00,2.25
2016.10.24 15:19:22.975,1.6058,1.60608,1.12,1.12
2016.10.24 15:19:25.093,1.60578,1.60607,1.12,1.00
2016.10.24 15:19:25.148,1.60578,1.60604,1.12,1.00
2016.10.24 15:19:25.250,1.60578,1.60607,1.12,1.00
2016.10.24 15:19:25.625,1.60578,1.60604,1.12,1.00
2016.10.24 15:19:25.827,1.60578,1.60607,1.12,1.00
2016.10.24 15:19:28.677,1.60578,1.60608,1.12,1.87
2016.10.24 15:19:29.039,1.60578,1.60604,1.12,1.00
2016.10.24 15:19:29.935,1.60578,1.60608,1.12,1.12
2016.10.24 15:19:30.132,1.60578,1.60603,1.12,1.00
2016.10.24 15:19:30.608,1.60578,1.60608,1.12,1.87
2016.10.24 15:19:31.010,1.60578,1.60603,1.12,1.00
2016.10.24 15:19:31.547,1.60578,1.60608,1.12,1.12
2016.10.24 15:19:31.850,1.6058,1.60609,1.00,1.37
2016.10.24 15:19:32.153,1.6058,1.60603,1.00,1.00
2016.10.24 15:19:34.621,1.6058,1.60598,1.00,1.00
2016.10.24 15:19:34.673,1.60576,1.60598,1.00,1.00
2016.10.24 15:19:35.140,1.60574,1.60598,1.00,1.00
2016.10.24 15:19:35.720,1.60574,1.60593,1.00,1.00
2016.10.24 15:19:36.826,1.60574,1.60594,1.00,1.00
2016.10.24 15:19:36.877,1.60568,1.60594,1.87,1.00
2016.10.24 15:19:36.928,1.60567,1.60589,1.50,1.00
2016.10.24 15:19:36.979,1.60563,1.60589,1.00,1.00
2016.10.24 15:19:37.030,1.60563,1.60591,1.00,1.00
2016.10.24 15:19:37.081,1.60561,1.60589,1.00,1.00
2016.10.24 15:19:37.182,1.60562,1.60593,1.12,1.37
2016.10.24 15:19:37.936,1.60563,1.60593,1.00,1.12
2016.10.24 15:19:38.088,1.60563,1.60587,1.00,1.00
2016.10.24 15:19:38.190,1.60556,1.60584,2.25,1.00
2016.10.24 15:19:38.241,1.60556,1.60584,1.12,1.37
2016.10.24 15:19:38.291,1.60554,1.60584,1.00,1.75
2016.10.24 15:19:39.219,1.60553,1.60583,1.00,1.50
2016.10.24 15:19:39.372,1.60555,1.60584,1.00,1.75
2016.10.24 15:19:39.834,1.60552,1.60584,1.12,2.25
2016.10.24 15:19:40.926,1.60552,1.60578,1.12,1.00
2016.10.24 15:19:45.045,1.60552,1.60584,1.12,2.25
2016.10.24 15:19:45.586,1.60551,1.60578,2.25,1.00
2016.10.24 15:19:46.437,1.60549,1.60579,1.75,1.50
2016.10.24 15:19:47.374,1.60547,1.60568,1.84,1.00
2016.10.24 15:19:47.425,1.60547,1.60568,1.46,1.00
2016.10.24 15:19:47.677,1.60547,1.60577,1.46,1.12
2016.10.24 15:19:48.336,1.60547,1.60563,1.00,1.12
2016.10.24 15:19:48.387,1.60534,1.60563,1.34,1.12
2016.10.24 15:19:48.930,1.60535,1.60562,1.34,1.00
2016.10.24 15:19:49.451,1.60535,1.60563,1.00,1.12
2016.10.24 15:19:49.627,1.60535,1.60561,1.00,1.00
2016.10.24 15:19:50.135,1.60535,1.60562,1.00,1.00
2016.10.24 15:19:50.655,1.60535,1.60561,1.00,1.00
2016.10.24 15:19:50.727,1.60533,1.60561,1.12,1.00
2016.10.24 15:19:51.228,1.60533,1.6056,1.12,1.00
2016.10.24 15:19:51.796,1.60533,1.60561,1.12,1.00
2016.10.24 15:19:52.162,1.60526,1.60555,1.75,1.00
2016.10.24 15:19:52.215,1.60526,1.60555,1.00,1.50
2016.10.24 15:19:52.772,1.60525,1.60555,1.50,1.50
2016.10.24 15:19:53.327,1.60526,1.60555,1.00,1.50
2016.10.24 15:19:55.265,1.60526,1.60543,1.00,1.00
2016.10.24 15:19:55.317,1.60512,1.60542,1.00,1.00
2016.10.24 15:19:55.368,1.60512,1.6054,1.12,1.00
2016.10.24 15:19:55.671,1.60521,1.60549,1.00,1.12
2016.10.24 15:19:55.772,1.60524,1.60553,1.00,1.00
2016.10.24 15:19:56.176,1.60526,1.60556,1.00,1.12
2016.10.24 15:19:56.683,1.60524,1.60555,1.00,1.00
2016.10.24 15:19:56.885,1.60525,1.60557,1.00,3.00
2016.10.24 15:19:57.669,1.6052,1.60544,1.12,1.87
2016.10.24 15:19:57.720,1.60513,1.60543,1.00,1.37
2016.10.24 15:19:57.771,1.60515,1.60543,1.00,1.37
2016.10.24 15:19:57.873,1.60513,1.60543,1.00,1.87
2016.10.24 15:19:58.386,1.60505,1.60534,1.75,1.00
2016.10.24 15:19:58.758,1.60502,1.60534,3.37,1.00
2016.10.24 15:19:59.083,1.60507,1.60537,1.87,1.75
2016.10.24 15:19:59.235,1.60514,1.60543,2.25,1.00
2016.10.24 15:19:59.763,1.60514,1.60546,2.25,1.00
2016.10.24 15:20:00.287,1.60515,1.60545,1.50,1.00
2016.10.24 15:20:01.064,1.60515,1.60547,1.50,1.12
2016.10.24 15:20:02.656,1.60518,1.60548,1.00,1.50
2016.10.24 15:20:03.162,1.60516,1.60546,1.12,1.00
2016.10.24 15:20:03.538,1.60516,1.60546,1.00,2.62
2016.10.24 15:20:03.589,1.60512,1.60543,1.50,1.37
2016.10.24 15:20:03.639,1.60513,1.60543,1.12,1.00
2016.10.24 15:20:03.891,1.60516,1.60546,1.12,1.12
2016.10.24 15:20:04.675,1.60517,1.60546,1.00,1.12
2016.10.24 15:20:05.224,1.60515,1.60547,1.50,2.25
2016.10.24 15:20:07.655,1.60523,1.60554,1.12,1.12
2016.10.24 15:20:07.718,1.60523,1.60555,1.12,1.75
2016.10.24 15:20:10.098,1.60522,1.60549,1.37,1.00
2016.10.24 15:20:10.201,1.60518,1.60549,1.00,1.37
2016.10.24 15:20:10.959,1.60517,1.60549,2.25,1.37
2016.10.24 15:20:11.882,1.60521,1.6055,1.00,1.50
2016.10.24 15:20:12.537,1.60522,1.60552,1.00,1.75
2016.10.24 15:20:12.648,1.60518,1.6055,1.12,1.50
2016.10.24 15:20:13.076,1.60517,1.60545,1.00,1.00
2016.10.24 15:20:14.491,1.60515,1.60545,1.00,1.00
2016.10.24 15:20:15.804,1.60517,1.60545,1.00,1.00
2016.10.24 15:20:19.202,1.60518,1.60545,1.00,1.00
2016.10.24 15:20:20.216,1.60518,1.6055,1.12,1.50
2016.10.24 15:20:21.300,1.60519,1.60549,1.00,1.37
2016.10.24 15:20:21.988,1.60516,1.60548,1.50,1.12
2016.10.24 15:20:22.675,1.60516,1.60546,1.50,1.00
2016.10.24 15:20:25.986,1.60517,1.60547,1.37,1.00
2016.10.24 15:20:26.536,1.60517,1.60549,1.37,1.37
2016.10.24 15:20:26.882,1.60518,1.60545,1.00,1.00
2016.10.24 15:20:27.761,1.60519,1.60545,1.00,1.00
2016.10.24 15:20:28.511,1.60517,1.60545,1.00,1.00
2016.10.24 15:20:29.077,1.60519,1.60545,1.00,1.00
2016.10.24 15:20:30.216,1.60523,1.6055,1.50,1.00
2016.10.24 15:20:30.273,1.60523,1.6055,1.00,1.50
2016.10.24 15:20:30.425,1.60518,1.6055,3.00,1.87
