2014.05.11 22:00:00.204,1.80058,1.80085,0.10,0.10
2014.05.11 22:00:00.376,1.80062,1.8009,0.10,0.10
2014.05.11 22:00:00.427,1.80061,1.80072,0.10,0.10
2014.05.11 22:00:00.479,1.80045,1.80072,0.83,0.10
2014.05.11 22:00:00.530,1.80057,1.80073,0.10,0.10
2014.05.11 22:00:00.581,1.80057,1.80084,0.10,0.10
2014.05.11 22:00:00.632,1.80056,1.8008,0.10,0.10
2014.05.11 22:00:00.685,1.80053,1.8008,0.10,0.10
2014.05.11 22:00:00.736,1.80052,1.80066,0.10,4.06
2014.05.11 22:00:00.789,1.80014,1.80042,0.10,0.38
2014.05.11 22:00:00.839,1.8002,1.80042,0.75,0.10
2014.05.11 22:00:00.890,1.8002,1.80044,0.75,0.10
2014.05.11 22:00:00.940,1.80023,1.80044,0.75,0.10
2014.05.11 22:00:01.376,1.80028,1.80044,0.75,0.10
2014.05.11 22:00:01.721,1.8002,1.80041,0.75,0.10
2014.05.11 22:00:02.421,1.80022,1.80042,0.75,0.10
2014.05.11 22:00:02.472,1.80022,1.80047,0.75,0.10
2014.05.11 22:00:02.573,1.8002,1.80048,0.75,0.10
2014.05.11 22:00:02.674,1.8002,1.80057,0.75,0.10
2014.05.11 22:00:02.976,1.8002,1.80066,0.75,0.10
2014.05.11 22:00:03.062,1.8002,1.80058,0.75,0.10
2014.05.11 22:00:03.421,1.80022,1.80058,0.75,0.10
2014.05.11 22:00:03.522,1.80022,1.80062,0.75,0.10
2014.05.11 22:00:03.640,1.80022,1.80066,0.75,0.10
2014.05.11 22:00:03.877,1.80021,1.8007,0.75,0.10
2014.05.11 22:00:04.213,1.80021,1.80075,0.75,0.10
2014.05.11 22:00:04.365,1.80021,1.8008,0.75,0.10
2014.05.11 22:00:04.517,1.80021,1.80078,0.75,0.10
2014.05.11 22:00:05.765,1.80012,1.80076,0.83,0.75
2014.05.11 22:00:06.301,1.80017,1.80076,0.75,0.75
2014.05.11 22:00:06.386,1.80013,1.80076,0.75,0.75
2014.05.11 22:00:06.927,1.80013,1.80075,1.50,0.75
2014.05.11 22:00:07.156,1.80019,1.80076,0.75,0.75
2014.05.11 22:00:07.257,1.80017,1.80076,2.25,0.75
2014.05.11 22:00:07.575,1.80013,1.80077,2.25,0.75
2014.05.11 22:00:07.776,1.80012,1.8007,0.10,0.75
2014.05.11 22:00:07.978,1.80006,1.8007,0.10,0.75
2014.05.11 22:00:08.180,1.80006,1.80068,0.10,0.75
2014.05.11 22:00:08.539,1.80009,1.8007,0.10,0.75
2014.05.11 22:00:08.921,1.80007,1.8007,0.10,0.75
2014.05.11 22:00:09.191,1.8001,1.80072,0.10,0.10
2014.05.11 22:00:09.735,1.8001,1.80073,0.10,0.75
2014.05.11 22:00:10.398,1.8001,1.80074,0.10,0.10
2014.05.11 22:00:16.388,1.80013,1.80078,0.10,0.10
2014.05.11 22:00:16.444,1.80015,1.80078,0.75,0.10
2014.05.11 22:00:16.749,1.80021,1.80084,0.10,0.75
2014.05.11 22:00:18.658,1.80025,1.8008,0.10,0.10
2014.05.11 22:00:20.549,1.80023,1.80076,0.75,0.10
2014.05.11 22:00:21.156,1.80021,1.80076,3.08,0.10
2014.05.11 22:00:21.207,1.80024,1.80078,0.10,0.10
2014.05.11 22:00:21.724,1.80025,1.80078,0.75,0.10
2014.05.11 22:00:21.875,1.80027,1.80081,0.75,0.10
2014.05.11 22:00:22.077,1.80029,1.8008,0.75,0.75
2014.05.11 22:00:22.406,1.80035,1.8007,0.10,0.10
2014.05.11 22:00:22.859,1.80044,1.8008,0.10,0.10
2014.05.11 22:00:25.329,1.80047,1.80081,0.10,0.10
2014.05.11 22:00:25.863,1.80047,1.80082,0.10,0.10
2014.05.11 22:00:27.182,1.80046,1.8008,0.10,0.10
2014.05.11 22:00:27.233,1.80044,1.8008,0.10,0.10
2014.05.11 22:00:27.435,1.80051,1.80077,0.10,0.10
2014.05.11 22:00:33.194,1.80048,1.80074,0.10,0.10
2014.05.11 22:00:33.498,1.80045,1.80071,0.10,0.10
2014.05.11 22:00:35.702,1.80044,1.80068,0.10,0.10
2014.05.11 22:00:35.802,1.80042,1.80068,0.10,0.10
2014.05.11 22:00:36.379,1.80049,1.80069,0.10,0.10
2014.05.11 22:00:36.480,1.80049,1.80075,0.10,0.10
2014.05.11 22:00:41.452,1.80051,1.80075,0.10,0.10
2014.05.11 22:00:41.503,1.80052,1.80077,0.10,0.10
2014.05.11 22:00:45.595,1.80057,1.80078,0.10,0.10
2014.05.11 22:00:45.645,1.80057,1.80083,0.10,0.10
2014.05.11 22:00:46.434,1.8006,1.80084,0.10,0.10
2014.05.11 22:00:46.487,1.8006,1.80086,0.10,0.10
2014.05.11 22:00:46.589,1.80063,1.80089,0.10,0.10
2014.05.11 22:00:46.892,1.8007,1.80096,0.10,0.10
2014.05.11 22:00:47.414,1.80069,1.80095,0.10,0.10
2014.05.11 22:00:47.827,1.80064,1.8009,0.10,0.10
2014.05.11 22:00:48.639,1.80068,1.80091,0.10,0.10
2014.05.11 22:00:48.690,1.80068,1.80094,0.10,0.10
2014.05.11 22:00:48.892,1.80082,1.80101,0.10,0.75
2014.05.11 22:00:49.094,1.80071,1.80097,0.10,0.10
2014.05.11 22:00:49.195,1.8007,1.80091,0.10,0.10
2014.05.11 22:00:49.246,1.80068,1.80091,0.75,0.10
2014.05.11 22:00:49.660,1.80065,1.80091,0.10,0.10
2014.05.11 22:00:49.761,1.80062,1.80089,0.10,0.10
2014.05.11 22:00:51.736,1.80055,1.80082,0.10,0.10
2014.05.11 22:00:55.292,1.80053,1.80079,0.10,0.10
2014.05.11 22:00:56.942,1.80056,1.80081,0.10,0.10
2014.05.11 22:01:00.930,1.80058,1.80084,0.10,0.10
2014.05.11 22:01:03.875,1.80061,1.80085,0.10,0.10
2014.05.11 22:01:04.395,1.80061,1.80086,0.10,0.10
2014.05.11 22:01:10.756,1.80063,1.80089,0.10,0.10
2014.05.11 22:01:12.495,1.80066,1.80092,0.10,0.10
2014.05.11 22:01:21.281,1.80068,1.80092,0.10,0.10
2014.05.11 22:01:21.382,1.80069,1.80094,0.10,0.10
2014.05.11 22:01:30.336,1.8006,1.80086,0.10,0.10
2014.05.11 22:01:39.097,1.80063,1.80087,0.10,0.10
2014.05.11 22:01:39.408,1.80059,1.80085,0.10,0.10
2014.05.11 22:01:43.658,1.80059,1.80083,0.10,0.10
2014.05.11 22:01:43.709,1.80056,1.80082,0.10,0.10
2014.05.11 22:02:03.814,1.80057,1.80082,0.10,0.10
2014.05.11 22:02:12.695,1.80059,1.80085,0.10,0.10
2014.05.11 22:02:32.743,1.80058,1.80083,0.10,0.10
2014.05.11 22:02:33.486,1.80057,1.80083,0.10,0.10
2014.05.11 22:03:29.460,1.8006,1.80086,0.10,0.10
2014.05.11 22:03:44.143,1.80064,1.8009,0.10,0.10
2014.05.11 22:03:44.462,1.80068,1.80094,0.10,0.10
2014.05.11 22:03:55.168,1.80068,1.80091,0.10,0.10
2014.05.11 22:03:55.219,1.80064,1.8009,0.10,0.10
2014.05.11 22:03:57.012,1.80068,1.80093,0.10,0.10
2014.05.11 22:03:57.218,1.80065,1.80091,0.10,0.10
2014.05.11 22:03:59.283,1.80067,1.80091,0.10,0.10
2014.05.11 22:03:59.384,1.80068,1.80094,0.10,0.10
2014.05.11 22:04:38.865,1.80064,1.80098,1.08,1.50
2014.05.11 22:04:38.966,1.8006,1.80096,1.50,1.50
2014.05.11 22:04:39.102,1.80054,1.80078,2.18,2.25
2014.05.11 22:04:39.154,1.80049,1.80066,1.00,4.50
2014.05.11 22:04:39.257,1.80038,1.80059,1.00,1.50
2014.05.11 22:04:39.408,1.80038,1.80063,1.18,1.00
2014.05.11 22:04:39.459,1.80045,1.80071,1.00,2.33
2014.05.11 22:04:39.510,1.80045,1.80073,1.00,1.50
2014.05.11 22:04:39.560,1.80051,1.80075,2.25,2.25
2014.05.11 22:04:39.611,1.80054,1.8009,1.50,1.50
2014.05.11 22:04:40.289,1.80055,1.80092,3.00,2.33
2014.05.11 22:04:40.390,1.80058,1.80094,1.50,1.50
2014.05.11 22:04:40.992,1.80059,1.80093,1.08,1.50
2014.05.11 22:04:41.043,1.80055,1.80091,1.50,1.50
2014.05.11 22:04:48.568,1.80058,1.80094,1.50,1.50
2014.05.11 22:04:49.115,1.80056,1.80091,1.50,1.50
2014.05.11 22:04:56.177,1.80054,1.8009,2.33,1.50
2014.05.11 22:04:56.228,1.80052,1.80088,1.50,1.50
2014.05.11 22:04:56.278,1.8005,1.80087,2.33,3.00
2014.05.11 22:04:56.329,1.80048,1.80084,1.50,1.50
2014.05.11 22:04:58.983,1.80041,1.80077,1.50,1.50
2014.05.11 22:05:03.123,1.80042,1.80079,1.50,2.33
2014.05.11 22:05:03.225,1.80044,1.80083,2.25,1.50
2014.05.11 22:05:03.276,1.80045,1.80082,3.00,1.08
2014.05.11 22:05:03.327,1.80048,1.80086,1.50,1.50
2014.05.11 22:05:04.733,1.80061,1.80087,1.00,2.33
2014.05.11 22:05:04.784,1.80061,1.8009,1.00,1.50
2014.05.11 22:05:04.836,1.80063,1.80093,2.25,2.25
2014.05.11 22:05:04.887,1.80065,1.80095,1.50,1.00
2014.05.11 22:05:05.047,1.80065,1.801,1.50,1.65
2014.05.11 22:05:14.003,1.80067,1.801,1.50,1.00
2014.05.11 22:05:14.576,1.80067,1.80102,1.50,1.18
2014.05.11 22:05:15.063,1.80066,1.80102,1.50,1.58
2014.05.11 22:05:15.568,1.80065,1.80101,1.50,1.15
2014.05.11 22:05:21.124,1.8007,1.80102,1.08,1.08
2014.05.11 22:05:21.174,1.8007,1.80106,1.50,1.50
2014.05.11 22:05:21.376,1.80073,1.80109,1.50,1.50
2014.05.11 22:05:21.678,1.8007,1.80106,1.50,1.50
2014.05.11 22:05:31.723,1.80071,1.80105,1.50,1.08
2014.05.11 22:05:31.774,1.80073,1.80109,1.50,1.50
2014.05.11 22:05:41.182,1.80071,1.80105,1.50,1.08
2014.05.11 22:05:41.232,1.8007,1.80106,1.50,1.50
2014.05.11 22:05:49.553,1.80075,1.80111,1.50,1.50
2014.05.11 22:05:53.572,1.80072,1.80108,1.50,1.50
2014.05.11 22:06:03.070,1.8007,1.80104,1.50,1.08
2014.05.11 22:06:03.121,1.80069,1.80105,1.50,1.50
2014.05.11 22:06:03.951,1.80067,1.80101,1.50,1.08
2014.05.11 22:06:04.002,1.80066,1.80102,1.50,1.50
2014.05.11 22:06:15.228,1.80063,1.801,3.00,2.33
2014.05.11 22:06:15.279,1.80062,1.80098,1.50,1.50
2014.05.11 22:06:35.505,1.80064,1.80099,1.50,1.50
2014.05.11 22:06:36.180,1.80061,1.80095,3.00,1.08
2014.05.11 22:06:36.231,1.8006,1.80096,1.50,1.50
2014.05.11 22:07:16.589,1.80059,1.80095,1.50,1.50
2014.05.11 22:07:23.481,1.8006,1.80094,1.50,1.08
2014.05.11 22:07:23.532,1.80062,1.80098,1.50,1.50
2014.05.11 22:07:44.501,1.80062,1.80099,3.00,1.50
2014.05.11 22:07:45.111,1.80064,1.801,1.50,1.50
2014.05.11 22:08:18.527,1.80061,1.80097,1.50,1.50
2014.05.11 22:08:22.389,1.80062,1.80099,3.75,2.33
2014.05.11 22:08:22.439,1.80065,1.80101,1.50,1.50
2014.05.11 22:08:22.490,1.80066,1.801,1.50,1.08
2014.05.11 22:08:22.541,1.80068,1.80104,1.50,2.25
2014.05.11 22:08:25.115,1.80069,1.80103,1.08,1.50
2014.05.11 22:08:25.216,1.80065,1.80101,2.25,1.50
2014.05.11 22:08:33.510,1.80069,1.80102,1.08,1.50
2014.05.11 22:08:34.048,1.80068,1.80103,1.50,1.50
2014.05.11 22:08:34.666,1.80069,1.80102,1.08,1.50
2014.05.11 22:08:34.717,1.80065,1.80101,2.25,1.50
2014.05.11 22:08:41.147,1.80066,1.801,1.50,1.08
2014.05.11 22:08:41.198,1.80068,1.80104,1.50,1.50
2014.05.11 22:08:43.638,1.80069,1.80103,1.08,1.50
2014.05.11 22:08:43.689,1.80065,1.80101,2.25,1.50
2014.05.11 22:08:44.532,1.80066,1.801,1.50,1.08
2014.05.11 22:08:44.582,1.80068,1.80104,1.50,1.50
2014.05.11 22:09:05.504,1.80067,1.80103,1.50,1.50
2014.05.11 22:09:05.605,1.80068,1.80102,1.50,1.08
2014.05.11 22:09:05.656,1.8007,1.80106,1.50,1.50
2014.05.11 22:09:06.475,1.80071,1.80108,3.75,2.33
2014.05.11 22:09:06.525,1.80074,1.8011,1.50,1.50
2014.05.11 22:09:11.444,1.80072,1.80106,1.50,1.08
2014.05.11 22:09:11.495,1.80071,1.80107,1.50,1.50
2014.05.11 22:09:23.177,1.80068,1.80104,1.50,1.50
2014.05.11 22:09:37.669,1.80072,1.80105,1.08,1.50
2014.05.11 22:09:38.333,1.80071,1.80106,1.50,1.50
2014.05.11 22:09:43.297,1.80068,1.80104,2.25,1.50
2014.05.11 22:09:46.143,1.80072,1.80106,1.08,1.50
2014.05.11 22:09:46.194,1.80071,1.80107,1.50,1.50
2014.05.11 22:09:47.460,1.80068,1.80105,3.00,2.33
2014.05.11 22:09:47.510,1.80067,1.80103,1.50,1.50
2014.05.11 22:09:48.770,1.80069,1.80106,2.33,3.00
2014.05.11 22:09:48.821,1.80071,1.80107,1.50,1.50
2014.05.11 22:10:04.638,1.80074,1.8011,1.50,2.25
2014.05.11 22:10:10.611,1.80072,1.80107,1.50,1.50
2014.05.11 22:10:26.731,1.80073,1.80106,1.08,1.50
2014.05.11 22:10:26.782,1.80069,1.80105,1.50,1.50
2014.05.11 22:10:32.388,1.80067,1.80101,1.50,1.08
2014.05.11 22:10:32.468,1.80066,1.80102,1.50,1.50
2014.05.11 22:10:37.063,1.80064,1.80097,2.33,1.08
2014.05.11 22:10:37.165,1.80061,1.80097,1.50,1.50
2014.05.11 22:10:37.316,1.80059,1.80096,2.33,3.00
2014.05.11 22:10:37.519,1.80061,1.80097,1.50,1.50
2014.05.11 22:10:40.920,1.80062,1.80099,1.50,3.00
2014.05.11 22:10:40.971,1.80064,1.80099,1.50,1.50
2014.05.11 22:10:56.702,1.80065,1.80098,1.08,1.50
2014.05.11 22:10:56.753,1.80061,1.80097,1.50,1.50
2014.05.11 22:10:58.208,1.80061,1.80091,1.50,1.00
2014.05.11 22:10:58.258,1.80058,1.80086,1.00,1.50
2014.05.11 22:10:58.359,1.80056,1.80092,1.50,1.50
2014.05.11 22:10:58.460,1.80053,1.80085,2.40,1.50
2014.05.11 22:10:58.926,1.80056,1.80092,1.50,1.50
2014.05.11 22:11:00.416,1.80053,1.8009,6.00,2.33
2014.05.11 22:11:00.517,1.80053,1.80088,3.08,1.50
2014.05.11 22:11:07.118,1.80057,1.8009,1.08,2.33
2014.05.11 22:11:07.169,1.80057,1.80093,1.50,1.50
2014.05.11 22:11:14.532,1.80055,1.80088,2.33,1.08
2014.05.11 22:11:14.583,1.80053,1.80088,3.08,1.50
2014.05.11 22:11:14.634,1.80057,1.8009,1.08,2.33
2014.05.11 22:11:14.951,1.80057,1.80093,1.50,1.50
2014.05.11 22:11:16.188,1.80054,1.80091,3.00,2.33
2014.05.11 22:11:16.239,1.80053,1.80089,3.75,1.50
2014.05.11 22:11:16.797,1.80059,1.80089,1.00,1.50
2014.05.11 22:11:16.898,1.80059,1.80095,2.25,1.50
2014.05.11 22:11:20.888,1.80059,1.80091,1.75,2.33
2014.05.11 22:11:20.940,1.80059,1.80088,1.00,1.50
2014.05.11 22:11:21.041,1.80056,1.80091,1.50,2.25
2014.05.11 22:11:23.648,1.80053,1.80088,3.83,1.50
2014.05.11 22:11:23.750,1.80058,1.80094,1.50,1.50
2014.05.11 22:11:26.139,1.80056,1.80093,2.33,3.00
2014.05.11 22:11:26.190,1.80054,1.8009,1.50,1.50
2014.05.11 22:11:31.494,1.80057,1.80093,1.50,2.25
2014.05.11 22:12:04.654,1.80061,1.80095,1.08,1.50
2014.05.11 22:12:04.705,1.8006,1.80096,1.50,1.50
2014.05.11 22:12:10.865,1.80057,1.8009,3.08,2.25
2014.05.11 22:12:10.916,1.80056,1.80088,1.18,1.50
2014.05.11 22:12:11.227,1.80049,1.80085,1.50,1.50
2014.05.11 22:12:11.530,1.80052,1.80088,1.50,1.50
2014.05.11 22:12:52.484,1.80052,1.80089,3.00,1.50
2014.05.11 22:12:53.002,1.80054,1.8009,1.50,1.50
2014.05.11 22:12:57.200,1.80051,1.80084,1.15,1.50
2014.05.11 22:12:57.502,1.80046,1.80079,2.33,1.08
2014.05.11 22:12:57.553,1.80043,1.80079,1.50,1.50
2014.05.11 22:12:57.715,1.80041,1.80076,2.33,3.08
2014.05.11 22:12:57.766,1.80037,1.80073,1.50,1.50
2014.05.11 22:13:18.518,1.80036,1.80072,1.50,1.50
2014.05.11 22:13:21.230,1.80033,1.80068,2.25,1.50
2014.05.11 22:13:41.552,1.80033,1.80069,1.50,1.50
2014.05.11 22:13:55.686,1.8003,1.80065,3.08,2.33
2014.05.11 22:13:55.736,1.8003,1.80063,1.15,1.50
2014.05.11 22:13:55.787,1.8003,1.80059,1.08,1.08
2014.05.11 22:13:55.888,1.80024,1.8006,2.63,1.50
2014.05.11 22:13:57.720,1.80027,1.80063,1.50,2.25
2014.05.11 22:14:07.672,1.80026,1.80059,1.50,1.08
2014.05.11 22:14:08.186,1.80025,1.8006,1.50,1.50
2014.05.11 22:14:20.313,1.80018,1.80054,1.50,1.50
2014.05.11 22:14:20.850,1.80021,1.80057,1.50,1.50
2014.05.11 22:14:26.124,1.80021,1.80054,1.08,2.33
2014.05.11 22:14:26.175,1.80016,1.80052,2.25,1.50
2014.05.11 22:14:46.465,1.80016,1.80052,1.50,1.50
2014.05.11 22:15:01.911,1.80023,1.80048,1.00,1.10
2014.05.11 22:15:03.514,1.80028,1.8005,1.00,1.15
2014.05.11 22:15:03.665,1.80028,1.8005,1.00,1.00
2014.05.11 22:15:03.766,1.80025,1.8005,1.00,1.58
2014.05.11 22:15:12.711,1.80025,1.8005,1.50,1.00
2014.05.11 22:15:12.762,1.8003,1.80055,1.00,1.10
2014.05.11 22:15:21.109,1.8003,1.80055,1.08,1.10
2014.05.11 22:15:21.802,1.80032,1.80056,1.10,1.00
2014.05.11 22:15:22.103,1.80033,1.80058,1.00,1.10
2014.05.11 22:15:22.612,1.80033,1.80058,1.00,1.18
2014.05.11 22:15:22.663,1.80031,1.80056,1.00,1.18
2014.05.11 22:15:24.587,1.80031,1.80056,1.08,1.10
2014.05.11 22:15:25.103,1.80033,1.80057,1.00,1.00
2014.05.11 22:15:54.010,1.80035,1.80059,1.08,1.00
2014.05.11 22:15:54.395,1.80037,1.80062,1.58,1.00
2014.05.11 22:15:55.218,1.80039,1.80064,1.15,1.00
2014.05.11 22:16:01.634,1.80039,1.80064,1.15,1.00
2014.05.11 22:16:02.145,1.80046,1.80069,1.08,1.00
2014.05.11 22:16:02.196,1.80046,1.80071,1.15,1.13
2014.05.11 22:16:02.605,1.80046,1.80071,2.25,1.13
2014.05.11 22:16:03.048,1.80046,1.80071,1.18,1.13
2014.05.11 22:16:03.149,1.80044,1.80069,1.15,1.00
2014.05.11 22:16:08.900,1.80046,1.80069,1.08,1.00
2014.05.11 22:16:09.203,1.80048,1.80072,2.25,1.00
2014.05.11 22:16:09.953,1.80049,1.80074,1.58,1.00
2014.05.11 22:16:12.201,1.80051,1.80075,1.15,1.00
2014.05.11 22:16:15.163,1.80053,1.80078,1.10,1.00
2014.05.11 22:16:16.316,1.80053,1.80078,1.15,1.00
2014.05.11 22:16:16.867,1.80055,1.80079,1.18,1.00
2014.05.11 22:16:38.401,1.80055,1.80079,1.10,1.10
2014.05.11 22:16:38.704,1.80048,1.80073,2.25,1.00
2014.05.11 22:16:42.164,1.80048,1.80072,1.00,1.95
2014.05.11 22:16:42.215,1.80045,1.80066,1.00,1.00
2014.05.11 22:16:42.265,1.80046,1.80066,1.50,1.00
2014.05.11 22:16:42.417,1.80047,1.80071,2.25,1.00
2014.05.11 22:16:42.928,1.80048,1.80071,1.50,1.00
2014.05.11 22:16:43.319,1.80048,1.80073,2.25,1.00
2014.05.11 22:16:43.621,1.80054,1.80078,1.00,1.10
2014.05.11 22:16:44.606,1.80052,1.80077,1.10,1.00
2014.05.11 22:16:45.637,1.80047,1.80071,2.25,1.00
2014.05.11 22:16:49.836,1.80047,1.80071,1.75,1.08
2014.05.11 22:16:49.887,1.80045,1.80066,1.00,1.00
2014.05.11 22:16:50.089,1.80045,1.80066,1.58,1.00
2014.05.11 22:16:50.341,1.80046,1.80071,1.10,1.00
2014.05.11 22:16:54.211,1.80046,1.80071,1.18,1.00
2014.05.11 22:16:54.876,1.80046,1.80071,1.15,1.00
2014.05.11 22:16:55.423,1.80048,1.80072,1.18,1.00
2014.05.11 22:16:56.621,1.8005,1.80074,1.00,1.10
2014.05.11 22:17:02.646,1.80045,1.80067,1.08,1.10
2014.05.11 22:17:02.697,1.80045,1.80067,1.00,1.10
2014.05.11 22:17:02.798,1.8004,1.80065,2.25,1.00
2014.05.11 22:17:02.899,1.8004,1.80065,1.18,1.00
2014.05.11 22:17:03.861,1.80038,1.80062,1.15,1.00
2014.05.11 22:17:15.259,1.80041,1.80062,3.08,1.00
2014.05.11 22:17:15.310,1.80044,1.80064,1.50,1.00
2014.05.11 22:17:15.411,1.80038,1.80063,1.15,1.00
2014.05.11 22:17:16.284,1.80042,1.80066,1.00,1.10
2014.05.11 22:17:18.093,1.80042,1.80066,1.00,1.15
2014.05.11 22:17:19.600,1.80042,1.80066,1.00,1.00
2014.05.11 22:17:19.701,1.80042,1.80066,1.00,1.08
2014.05.11 22:17:20.926,1.80042,1.80066,1.00,1.10
2014.05.11 22:17:21.461,1.80045,1.80069,1.00,1.20
2014.05.11 22:17:22.442,1.80043,1.80068,1.10,1.00
2014.05.11 22:17:25.838,1.80045,1.80068,1.00,1.00
2014.05.11 22:17:25.940,1.80048,1.80073,1.00,1.18
2014.05.11 22:17:26.041,1.80048,1.80073,1.15,1.00
2014.05.11 22:17:26.361,1.80054,1.80078,1.00,1.15
2014.05.11 22:17:26.700,1.80054,1.80078,1.00,2.25
2014.05.11 22:17:26.852,1.80051,1.80076,1.00,1.15
2014.05.11 22:17:36.932,1.80051,1.80076,1.15,1.38
2014.05.11 22:17:37.033,1.80054,1.80079,1.00,1.08
2014.05.11 22:17:37.774,1.80054,1.80079,1.00,3.08
2014.05.11 22:17:37.875,1.80052,1.80077,1.00,2.25
2014.05.11 22:17:38.358,1.80052,1.80077,1.00,1.15
2014.05.11 22:17:47.336,1.80052,1.80077,1.00,2.25
2014.05.11 22:17:47.588,1.80052,1.80077,1.00,1.15
2014.05.11 22:17:57.616,1.80052,1.80077,1.15,1.00
2014.05.11 22:17:57.667,1.80056,1.80081,1.00,1.10
2014.05.11 22:17:57.718,1.80056,1.80081,1.00,1.58
2014.05.11 22:17:58.629,1.80054,1.80078,1.00,1.18
2014.05.11 22:18:07.965,1.80054,1.80078,1.08,1.08
2014.05.11 22:18:08.016,1.80059,1.80084,1.00,1.18
2014.05.11 22:18:08.369,1.80059,1.80084,1.00,1.15
2014.05.11 22:18:08.979,1.80057,1.80082,1.00,1.18
2014.05.11 22:18:20.881,1.80057,1.80082,1.00,1.58
2014.05.11 22:18:20.982,1.8005,1.80074,1.13,1.00
2014.05.11 22:18:21.780,1.80049,1.80074,1.10,1.00
2014.05.11 22:18:21.986,1.80048,1.80072,1.18,1.00
2014.05.11 22:18:31.441,1.80052,1.80076,1.50,1.10
2014.05.11 22:18:31.543,1.80055,1.80079,1.18,1.00
2014.05.11 22:18:32.506,1.80056,1.80081,1.10,1.10
2014.05.11 22:18:37.575,1.80056,1.80081,1.00,1.08
2014.05.11 22:18:37.892,1.80054,1.80079,1.00,1.10
2014.05.11 22:18:39.859,1.80054,1.80079,1.00,1.15
2014.05.11 22:18:41.664,1.80051,1.80075,1.00,1.00
2014.05.11 22:18:45.159,1.80054,1.80078,1.00,1.15
2014.05.11 22:18:58.734,1.80058,1.80083,1.00,3.75
2014.05.11 22:18:58.784,1.80058,1.80083,1.00,2.25
2014.05.11 22:18:58.936,1.80054,1.80079,1.00,1.18
2014.05.11 22:19:00.188,1.80054,1.80079,1.00,1.58
2014.05.11 22:19:02.883,1.80053,1.80077,1.00,1.08
2014.05.11 22:19:03.448,1.80053,1.80077,1.00,1.15
2014.05.11 22:19:09.053,1.80054,1.80079,1.00,1.58
2014.05.11 22:19:09.255,1.80054,1.80079,1.00,1.18
2014.05.11 22:19:27.876,1.80054,1.80079,1.00,1.15
2014.05.11 22:19:28.380,1.80054,1.80079,1.00,1.15
2014.05.11 22:19:33.099,1.80054,1.80079,1.10,1.00
2014.05.11 22:19:33.473,1.80056,1.8008,1.00,1.10
2014.05.11 22:19:49.505,1.80054,1.80079,1.00,1.15
2014.05.11 22:19:50.975,1.80053,1.80077,1.00,1.18
2014.05.11 22:19:51.076,1.80051,1.80075,1.00,1.18
2014.05.11 22:19:51.650,1.80051,1.80075,1.10,1.00
2014.05.11 22:19:52.010,1.80051,1.80075,1.15,1.00
2014.05.11 22:19:52.061,1.80054,1.80078,1.00,1.00
2014.05.11 22:19:52.954,1.80055,1.8008,1.00,1.18
2014.05.11 22:19:56.358,1.80055,1.8008,1.00,1.55
2014.05.11 22:20:24.484,1.80057,1.80077,1.00,1.00
2014.05.11 22:20:32.655,1.80059,1.80079,1.00,1.00
2014.05.11 22:20:32.993,1.80062,1.80082,1.00,1.00
2014.05.11 22:20:33.611,1.80064,1.80084,1.00,1.13
2014.05.11 22:20:40.810,1.80064,1.80084,1.00,1.20
2014.05.11 22:20:40.912,1.80061,1.80081,1.00,1.18
2014.05.11 22:20:41.366,1.80061,1.80081,1.00,1.58
2014.05.11 22:20:51.161,1.80061,1.80081,1.00,1.55
2014.05.11 22:20:51.677,1.8006,1.8008,1.00,1.00
2014.05.11 22:20:52.229,1.80063,1.80083,1.00,1.10
2014.05.11 22:20:53.974,1.80063,1.80083,1.00,1.15
2014.05.11 22:20:54.127,1.80063,1.80083,1.00,1.00
2014.05.11 22:20:59.709,1.80065,1.80085,1.00,1.00
2014.05.11 22:21:18.493,1.80069,1.80089,1.00,1.38
2014.05.11 22:21:18.695,1.80069,1.80089,1.00,1.00
2014.05.11 22:21:18.947,1.80066,1.80086,1.10,1.00
2014.05.11 22:21:19.250,1.8007,1.8009,1.00,1.00
2014.05.11 22:21:19.635,1.8007,1.8009,1.00,1.15
2014.05.11 22:21:19.736,1.80065,1.80085,1.00,1.00
2014.05.11 22:21:29.601,1.80068,1.80088,1.00,1.10
2014.05.11 22:21:29.954,1.80065,1.80085,1.00,1.00
2014.05.11 22:21:35.698,1.80065,1.80085,1.85,1.00
2014.05.11 22:21:35.799,1.80068,1.80088,1.58,1.00
2014.05.11 22:21:35.900,1.80077,1.80097,1.00,1.38
2014.05.11 22:21:36.556,1.80077,1.80097,1.00,1.50
2014.05.11 22:21:36.859,1.80071,1.80091,1.00,2.25
2014.05.11 22:21:36.922,1.80069,1.80089,1.00,1.15
2014.05.11 22:21:38.321,1.80066,1.80086,1.00,1.10
2014.05.11 22:21:38.422,1.80064,1.80084,1.00,1.00
2014.05.11 22:21:40.600,1.80066,1.80086,1.00,1.10
2014.05.11 22:22:15.918,1.8006,1.8008,1.00,1.00
2014.05.11 22:22:16.627,1.8006,1.8008,1.00,1.18
2014.05.11 22:22:17.302,1.80059,1.80079,1.00,1.10
2014.05.11 22:22:21.709,1.8006,1.8008,1.00,1.00
2014.05.11 22:22:56.370,1.80058,1.80078,1.00,1.00
2014.05.11 22:22:56.673,1.80054,1.80074,1.00,2.25
2014.05.11 22:22:56.723,1.8005,1.8007,1.00,1.18
2014.05.11 22:22:57.943,1.80048,1.80068,1.00,1.00
2014.05.11 22:23:00.704,1.80052,1.80072,1.00,1.15
2014.05.11 22:23:00.906,1.80057,1.80077,1.00,1.00
2014.05.11 22:23:06.593,1.80057,1.80077,1.08,1.00
2014.05.11 22:23:06.745,1.80065,1.80085,1.00,1.00
2014.05.11 22:23:13.877,1.80064,1.80084,1.00,1.00
2014.05.11 22:23:16.754,1.80066,1.80086,1.00,1.00
2014.05.11 22:23:21.237,1.80067,1.80087,1.00,1.00
2014.05.11 22:23:21.543,1.8007,1.8009,1.00,1.00
2014.05.11 22:23:22.337,1.80072,1.80092,1.00,1.10
2014.05.11 22:23:31.428,1.80072,1.80092,1.00,1.50
2014.05.11 22:23:31.479,1.80066,1.80086,1.00,1.00
2014.05.11 22:23:32.387,1.80066,1.80086,1.00,1.08
2014.05.11 22:23:32.489,1.80064,1.80084,1.00,1.00
2014.05.11 22:23:32.590,1.80062,1.80082,1.00,1.00
2014.05.11 22:23:37.627,1.80062,1.80082,1.08,1.00
2014.05.11 22:23:37.779,1.80067,1.80087,1.00,1.00
2014.05.11 22:23:38.739,1.80068,1.80088,1.00,1.00
2014.05.11 22:23:39.317,1.80065,1.80085,1.00,1.00
2014.05.11 22:23:39.748,1.80063,1.80083,1.00,1.00
2014.05.11 22:23:40.154,1.80059,1.80079,1.00,1.18
2014.05.11 22:23:40.306,1.80054,1.80074,1.00,1.00
2014.05.11 22:23:40.407,1.80054,1.80074,1.00,1.15
2014.05.11 22:23:41.149,1.80052,1.80072,1.00,1.10
2014.05.11 22:23:43.890,1.80054,1.80074,1.00,1.15
2014.05.11 22:23:43.991,1.80054,1.80074,1.00,1.00
2014.05.11 22:23:44.244,1.80058,1.80078,1.00,1.18
2014.05.11 22:23:44.566,1.80058,1.80078,1.15,1.00
2014.05.11 22:23:44.922,1.80063,1.80083,1.00,1.00
2014.05.11 22:23:49.177,1.8006,1.8008,1.10,1.00
2014.05.11 22:23:59.333,1.80059,1.80079,1.08,1.00
2014.05.11 22:23:59.585,1.80056,1.80076,1.00,1.00
2014.05.11 22:24:01.288,1.80054,1.80074,1.00,1.00
2014.05.11 22:24:21.327,1.80053,1.80073,1.00,1.00
2014.05.11 22:24:23.097,1.80055,1.80075,1.00,1.00
2014.05.11 22:24:25.259,1.80057,1.80077,1.00,1.00
2014.05.11 22:24:25.693,1.8006,1.8008,1.00,1.00
2014.05.11 22:24:25.998,1.80056,1.80076,1.00,1.00
2014.05.11 22:24:29.214,1.80057,1.80077,1.00,1.10
2014.05.11 22:24:43.744,1.80053,1.80073,1.18,1.00
2014.05.11 22:24:44.281,1.80053,1.80073,1.00,1.00
2014.05.11 22:24:44.738,1.80056,1.80076,1.00,1.00
2014.05.11 22:25:01.784,1.80054,1.80074,1.00,1.00
2014.05.11 22:25:02.137,1.80051,1.80071,1.00,1.10
2014.05.11 22:25:02.891,1.8005,1.8007,1.00,1.00
2014.05.11 22:25:36.891,1.8005,1.8007,1.00,1.18
2014.05.11 22:25:37.629,1.80047,1.80067,1.00,1.00
2014.05.11 22:25:38.374,1.80047,1.80067,1.00,1.18
2014.05.11 22:25:58.148,1.80047,1.80067,1.00,1.10
2014.05.11 22:26:10.441,1.80049,1.80069,1.00,1.15
2014.05.11 22:26:10.593,1.80049,1.80069,1.00,1.00
2014.05.11 22:26:19.028,1.80053,1.80073,1.00,1.00
2014.05.11 22:26:22.083,1.8005,1.80065,1.00,1.00
2014.05.11 22:26:22.335,1.80042,1.80062,1.00,1.15
2014.05.11 22:26:22.436,1.80039,1.80059,1.00,1.00
2014.05.11 22:26:23.283,1.80037,1.80057,1.00,1.00
2014.05.11 22:26:27.144,1.80038,1.80058,1.00,1.00
2014.05.11 22:26:27.447,1.80045,1.80065,1.10,1.00
2014.05.11 22:26:28.119,1.80048,1.80068,1.00,1.00
2014.05.11 22:26:28.670,1.80046,1.80071,1.00,1.18
2014.05.11 22:26:59.611,1.80045,1.80069,1.00,1.00
2014.05.11 22:27:02.806,1.80043,1.80068,1.08,1.75
2014.05.11 22:27:03.109,1.80035,1.80059,1.00,2.25
2014.05.11 22:27:03.992,1.80032,1.80057,1.00,1.15
2014.05.11 22:27:04.795,1.80032,1.80057,1.00,1.18
2014.05.11 22:27:04.846,1.80032,1.80057,1.00,1.10
2014.05.11 22:27:04.997,1.80034,1.80058,1.00,1.18
2014.05.11 22:27:10.904,1.80034,1.80058,1.00,3.08
2014.05.11 22:27:10.955,1.80028,1.80052,1.00,1.15
2014.05.11 22:27:11.006,1.80028,1.80052,1.00,1.58
2014.05.11 22:27:11.463,1.80028,1.80049,1.00,1.50
2014.05.11 22:27:12.052,1.80025,1.80049,1.00,1.50
2014.05.11 22:27:25.987,1.80023,1.80047,1.00,1.50
2014.05.11 22:27:44.357,1.80023,1.80046,1.00,1.50
2014.05.11 22:27:44.459,1.80021,1.80044,1.00,1.50
2014.05.11 22:27:44.610,1.80021,1.8004,1.00,1.08
2014.05.11 22:27:44.711,1.80019,1.80041,1.00,1.50
2014.05.11 22:27:44.898,1.80015,1.80037,1.00,1.18
2014.05.11 22:27:44.999,1.80013,1.80037,1.00,1.18
2014.05.11 22:27:45.056,1.80015,1.80037,1.00,1.18
2014.05.11 22:27:45.616,1.80013,1.80037,1.00,1.18
2014.05.11 22:28:04.702,1.80013,1.80037,1.00,1.15
2014.05.11 22:28:05.736,1.80009,1.80034,1.00,1.00
2014.05.11 22:28:06.241,1.80012,1.80036,1.00,1.18
2014.05.11 22:28:15.523,1.8001,1.80035,1.50,1.10
2014.05.11 22:28:15.624,1.8001,1.80033,1.00,1.00
2014.05.11 22:28:15.726,1.80004,1.80028,1.00,1.00
2014.05.11 22:28:16.809,1.80005,1.8003,1.00,1.10
2014.05.11 22:28:22.414,1.80004,1.80028,1.00,1.00
2014.05.11 22:28:22.730,1.80004,1.80028,1.08,1.00
2014.05.11 22:28:22.781,1.80011,1.80035,1.00,1.10
2014.05.11 22:28:23.883,1.80013,1.80037,1.00,1.00
2014.05.11 22:28:45.356,1.80013,1.80035,1.00,1.00
2014.05.11 22:28:45.659,1.80009,1.80033,1.00,1.10
2014.05.11 22:28:46.387,1.80012,1.80036,1.00,1.00
2014.05.11 22:28:58.515,1.8001,1.80034,1.00,1.00
2014.05.11 22:28:58.872,1.8001,1.80034,1.00,1.15
2014.05.11 22:28:59.460,1.8001,1.80034,1.00,1.00
2014.05.11 22:28:59.588,1.80008,1.80033,1.00,1.00
2014.05.11 22:29:00.025,1.80008,1.80033,1.00,1.58
2014.05.11 22:29:00.390,1.80005,1.8003,1.00,1.58
2014.05.11 22:29:05.356,1.80004,1.80028,1.00,1.15
2014.05.11 22:29:05.457,1.79997,1.80022,1.00,1.00
2014.05.11 22:29:05.609,1.79997,1.80022,1.00,2.25
2014.05.11 22:29:06.298,1.79994,1.80018,1.00,1.18
2014.05.11 22:29:07.474,1.79994,1.80018,1.00,1.58
2014.05.11 22:29:07.525,1.7999,1.80015,1.00,1.18
2014.05.11 22:29:07.575,1.7999,1.80015,1.00,2.25
2014.05.11 22:29:07.924,1.7999,1.80015,1.00,1.18
2014.05.11 22:29:09.683,1.7999,1.80015,1.08,1.10
2014.05.11 22:29:10.296,1.79992,1.80016,1.18,1.00
2014.05.11 22:29:19.236,1.79992,1.80016,1.10,1.08
2014.05.11 22:29:19.287,1.7999,1.80014,1.00,1.18
2014.05.11 22:29:19.924,1.7999,1.80014,1.10,1.00
2014.05.11 22:29:23.047,1.79988,1.80012,1.15,1.00
2014.05.11 22:29:24.484,1.79988,1.80012,1.58,1.00
2014.05.11 22:29:25.057,1.79988,1.80012,2.25,1.00
2014.05.11 22:29:25.169,1.79988,1.80012,1.18,1.00
2014.05.11 22:29:32.969,1.79988,1.80012,1.85,1.00
2014.05.11 22:29:39.168,1.79992,1.80012,1.08,1.00
2014.05.11 22:29:39.219,1.79993,1.80015,1.15,1.00
2014.05.11 22:29:39.270,1.79995,1.80015,2.33,1.00
2014.05.11 22:29:39.321,1.79997,1.8002,1.50,1.88
2014.05.11 22:29:39.831,1.79997,1.80021,1.50,1.00
2014.05.11 22:29:40.463,1.79996,1.80021,1.83,1.00
2014.05.11 22:29:40.564,1.79996,1.80021,1.15,1.00
2014.05.11 22:30:00.459,1.79996,1.80021,1.58,1.00
2014.05.11 22:30:01.216,1.79996,1.80021,1.18,1.00
2014.05.11 22:30:01.850,1.79995,1.80019,1.15,1.00
2014.05.11 22:30:21.527,1.79995,1.80019,1.15,1.00
2014.05.11 22:30:26.327,1.79995,1.80019,1.10,1.00
2014.05.11 22:30:26.378,1.79992,1.80017,1.15,1.00
2014.05.11 22:30:30.646,1.7999,1.80015,2.25,1.00
2014.05.11 22:30:30.798,1.7999,1.80015,1.10,1.00
2014.05.11 22:30:31.000,1.79987,1.80012,1.15,1.00
2014.05.11 22:30:31.563,1.79987,1.8001,1.15,1.00
2014.05.11 22:30:34.795,1.79987,1.8001,1.10,1.00
2014.05.11 22:30:35.824,1.79984,1.80008,1.15,1.00
2014.05.11 22:30:37.955,1.79984,1.80008,1.00,1.00
2014.05.11 22:30:38.909,1.79982,1.80006,1.18,1.00
2014.05.11 22:30:40.683,1.79979,1.80004,1.18,1.00
2014.05.11 22:30:41.972,1.79981,1.80005,1.00,1.00
2014.05.11 22:30:42.762,1.79981,1.80005,1.15,1.00
2014.05.11 22:30:43.518,1.79981,1.80005,1.00,1.10
2014.05.11 22:30:43.620,1.79979,1.80003,1.10,1.00
2014.05.11 22:30:46.601,1.79982,1.80007,1.00,1.15
2014.05.11 22:30:46.703,1.79984,1.80009,1.10,1.00
2014.05.11 22:30:47.005,1.79984,1.80009,1.18,1.00
2014.05.11 22:30:47.157,1.79984,1.80009,1.00,1.18
2014.05.11 22:30:47.237,1.79981,1.80005,1.18,1.00
2014.05.11 22:30:47.698,1.79979,1.80003,1.00,1.00
2014.05.11 22:30:55.499,1.79981,1.80005,1.00,1.18
2014.05.11 22:30:55.803,1.79981,1.80005,1.15,1.00
2014.05.11 22:30:55.955,1.79984,1.80008,1.00,1.00
2014.05.11 22:30:56.006,1.79984,1.80008,1.00,1.08
2014.05.11 22:30:56.057,1.7998,1.80004,1.00,1.00
2014.05.11 22:30:59.929,1.7998,1.80004,1.15,1.00
2014.05.11 22:31:03.764,1.7998,1.80004,1.00,1.10
2014.05.11 22:31:03.865,1.79978,1.80003,1.10,1.00
2014.05.11 22:31:04.017,1.79978,1.80003,1.15,1.00
2014.05.11 22:31:06.711,1.79979,1.80003,1.08,1.48
2014.05.11 22:31:07.246,1.79979,1.80003,1.00,1.48
2014.05.11 22:31:07.585,1.79979,1.80003,1.15,1.38
2014.05.11 22:31:07.808,1.7998,1.80005,1.18,1.00
2014.05.11 22:31:08.011,1.7998,1.80005,1.15,1.00
2014.05.11 22:31:08.364,1.79984,1.80008,1.15,1.00
2014.05.11 22:31:08.709,1.79984,1.80008,1.10,1.00
2014.05.11 22:31:09.013,1.79984,1.80008,1.00,1.15
2014.05.11 22:31:09.064,1.79982,1.80006,1.00,1.18
2014.05.11 22:31:09.115,1.79982,1.80006,1.00,1.15
2014.05.11 22:31:09.166,1.79978,1.80003,1.00,1.18
2014.05.11 22:31:10.117,1.79977,1.80001,1.00,1.00
2014.05.11 22:31:24.982,1.79977,1.80001,1.58,1.00
2014.05.11 22:31:30.171,1.79981,1.80006,1.10,1.00
2014.05.11 22:31:30.248,1.79979,1.80003,1.15,1.00
2014.05.11 22:31:30.450,1.79979,1.80003,1.00,1.18
2014.05.11 22:31:30.551,1.79979,1.80003,1.15,1.00
2014.05.11 22:31:30.602,1.79981,1.80006,1.10,1.10
2014.05.11 22:31:31.798,1.79978,1.80002,1.15,1.00
2014.05.11 22:31:31.848,1.79978,1.80002,1.00,1.00
2014.05.11 22:31:31.950,1.79978,1.80002,1.50,1.00
2014.05.11 22:31:32.051,1.79983,1.80007,1.00,1.00
2014.05.11 22:31:46.924,1.79983,1.80007,1.08,1.00
2014.05.11 22:31:46.974,1.79985,1.8001,1.18,1.00
2014.05.11 22:31:49.014,1.79985,1.8001,1.00,1.18
2014.05.11 22:31:50.926,1.79985,1.80005,1.00,1.50
2014.05.11 22:31:50.977,1.79975,1.79999,1.00,1.00
2014.05.11 22:31:57.236,1.79975,1.79999,1.15,1.00
2014.05.11 22:31:58.739,1.79984,1.80007,1.10,1.13
2014.05.11 22:31:58.941,1.79984,1.80008,1.75,1.00
2014.05.11 22:31:58.992,1.79988,1.80012,1.15,1.00
2014.05.11 22:31:59.194,1.7999,1.80015,1.10,1.00
2014.05.11 22:32:07.756,1.7999,1.80015,1.00,1.15
2014.05.11 22:32:12.161,1.7999,1.80015,1.00,1.53
2014.05.11 22:32:12.414,1.79984,1.80008,1.10,1.00
2014.05.11 22:32:32.575,1.79984,1.80008,1.18,1.00
2014.05.11 22:32:58.144,1.79984,1.80008,1.58,1.00
2014.05.11 22:32:58.295,1.79988,1.80013,1.58,1.00
2014.05.11 22:32:58.448,1.79988,1.80013,2.25,1.00
2014.05.11 22:32:58.500,1.79992,1.80016,1.18,1.00
2014.05.11 22:32:59.083,1.79992,1.80016,1.15,1.00
2014.05.11 22:32:59.726,1.79992,1.80016,1.00,1.00
2014.05.11 22:33:04.512,1.79992,1.80016,1.75,1.00
2014.05.11 22:33:09.434,1.79992,1.80016,1.15,1.00
2014.05.11 22:33:09.535,1.79992,1.80016,1.10,1.00
2014.05.11 22:33:20.173,1.79992,1.80016,1.18,1.00
2014.05.11 22:33:20.962,1.79992,1.80016,1.58,1.00
2014.05.11 22:33:22.222,1.79992,1.80016,2.25,1.00
2014.05.11 22:33:22.754,1.79994,1.80016,1.50,1.00
2014.05.11 22:33:26.472,1.79992,1.80016,2.25,1.00
2014.05.11 22:33:30.631,1.79992,1.80012,1.50,1.00
2014.05.11 22:33:30.732,1.79987,1.80012,1.00,1.58
2014.05.11 22:33:30.783,1.79987,1.80012,1.00,1.95
2014.05.11 22:33:31.092,1.79981,1.80005,1.15,1.00
2014.05.11 22:33:37.697,1.79981,1.80005,1.83,1.00
2014.05.11 22:33:39.135,1.79981,1.80005,1.58,1.00
2014.05.11 22:33:39.287,1.79975,1.8,3.45,1.00
2014.05.11 22:33:39.388,1.79972,1.79996,1.53,1.00
2014.05.11 22:33:39.489,1.79968,1.79992,1.10,1.00
2014.05.11 22:33:39.591,1.79968,1.79992,1.15,1.00
2014.05.11 22:33:44.057,1.79968,1.79992,1.58,1.00
2014.05.11 22:33:44.781,1.79968,1.79992,2.25,1.00
2014.05.11 22:33:45.990,1.7997,1.79995,1.15,1.00
2014.05.11 22:33:46.040,1.79973,1.79995,1.08,1.00
2014.05.11 22:33:46.407,1.79979,1.80003,1.15,1.13
2014.05.11 22:33:57.741,1.79982,1.80007,1.08,1.00
2014.05.11 22:33:57.943,1.79984,1.80007,1.08,1.00
2014.05.11 22:33:57.994,1.79986,1.80011,1.15,1.13
2014.05.11 22:33:58.044,1.79987,1.80011,1.08,1.13
2014.05.11 22:33:58.347,1.79989,1.80014,2.25,1.38
2014.05.11 22:33:58.746,1.79989,1.80014,1.15,1.38
2014.05.11 22:33:59.025,1.79989,1.80014,1.15,1.00
2014.05.11 22:33:59.563,1.79989,1.80014,1.15,1.00
2014.05.11 22:34:00.103,1.79989,1.80014,1.58,1.00
2014.05.11 22:34:00.305,1.79992,1.80016,1.18,1.00
2014.05.11 22:34:03.023,1.79992,1.80016,1.58,1.00
2014.05.11 22:34:07.115,1.79992,1.80016,1.10,1.00
2014.05.11 22:34:14.473,1.79994,1.80018,1.00,1.10
2014.05.11 22:34:14.776,1.79996,1.80021,1.18,1.00
2014.05.11 22:34:23.062,1.79999,1.80024,1.00,1.18
2014.05.11 22:34:25.068,1.79999,1.80024,1.08,1.10
2014.05.11 22:34:25.717,1.79999,1.80024,1.10,1.00
2014.05.11 22:34:27.079,1.79999,1.80024,1.10,1.38
2014.05.11 22:34:31.846,1.79999,1.80024,1.10,1.88
2014.05.11 22:34:32.157,1.79989,1.80012,1.00,1.55
2014.05.11 22:34:32.208,1.79989,1.80012,1.00,1.18
2014.05.11 22:34:32.309,1.79989,1.80013,1.00,1.00
2014.05.11 22:34:32.360,1.79989,1.80013,1.08,1.00
2014.05.11 22:34:32.875,1.7999,1.80013,1.08,1.00
2014.05.11 22:34:32.976,1.79992,1.80017,1.15,1.00
2014.05.11 22:34:33.027,1.79992,1.80017,1.83,1.00
2014.05.11 22:34:33.613,1.79998,1.80023,1.10,1.48
2014.05.11 22:34:35.114,1.79998,1.80023,1.10,1.48
2014.05.11 22:34:36.133,1.80006,1.80025,1.00,1.53
2014.05.11 22:34:37.824,1.80008,1.80025,1.00,1.38
2014.05.11 22:34:37.875,1.80008,1.80025,1.00,1.38
2014.05.11 22:34:42.219,1.80008,1.80027,1.00,1.38
2014.05.11 22:34:42.420,1.80008,1.80028,1.00,1.88
2014.05.11 22:34:43.209,1.80008,1.80027,1.00,1.38
2014.05.11 22:34:43.394,1.80008,1.80027,1.00,1.38
2014.05.11 22:34:47.245,1.80011,1.80029,1.00,3.00
2014.05.11 22:34:47.499,1.80016,1.80035,1.00,1.38
2014.05.11 22:34:47.550,1.80016,1.80035,1.00,1.38
2014.05.11 22:34:49.422,1.80016,1.80035,1.00,1.00
2014.05.11 22:34:50.034,1.80016,1.80037,1.00,3.38
2014.05.11 22:35:02.892,1.80016,1.80035,1.00,1.00
2014.05.11 22:35:03.088,1.80013,1.80035,1.00,1.00
2014.05.11 22:35:04.667,1.80013,1.80035,1.00,1.08
2014.05.11 22:35:04.971,1.80011,1.80031,1.00,1.20
2014.05.11 22:35:05.512,1.80011,1.8003,1.00,2.25
2014.05.11 22:35:05.844,1.80007,1.8003,1.00,1.50
2014.05.11 22:35:07.766,1.80007,1.8003,1.00,1.15
2014.05.11 22:35:09.016,1.80007,1.8003,1.00,1.58
2014.05.11 22:35:09.067,1.80005,1.80029,1.00,1.95
2014.05.11 22:35:11.925,1.80001,1.80026,1.00,1.28
2014.05.11 22:35:11.976,1.80001,1.80025,1.00,1.15
2014.05.11 22:35:21.497,1.79999,1.8002,1.00,1.10
2014.05.11 22:35:22.193,1.79999,1.8002,1.00,1.18
2014.05.11 22:35:22.854,1.79999,1.8002,1.00,1.00
2014.05.11 22:35:23.666,1.79999,1.80019,1.00,1.00
2014.05.11 22:35:23.767,1.79995,1.80019,1.00,3.53
2014.05.11 22:35:24.504,1.79995,1.80015,1.00,1.00
2014.05.11 22:35:31.158,1.79993,1.80015,1.00,1.00
2014.05.11 22:35:32.717,1.79993,1.80017,1.00,1.58
2014.05.11 22:35:32.818,1.79996,1.8002,1.00,2.03
2014.05.11 22:35:33.172,1.79996,1.8002,1.00,1.95
2014.05.11 22:35:33.729,1.79996,1.80017,1.00,1.50
2014.05.11 22:35:35.221,1.79998,1.80019,1.00,2.70
2014.05.11 22:35:35.272,1.79998,1.8002,1.00,1.20
2014.05.11 22:35:35.323,1.80001,1.8002,1.00,1.45
2014.05.11 22:35:35.374,1.80001,1.80022,1.00,1.15
2014.05.11 22:35:35.576,1.80004,1.80023,1.00,1.20
2014.05.11 22:35:35.820,1.80004,1.80026,1.00,1.20
2014.05.11 22:35:35.871,1.80007,1.80026,1.00,1.20
2014.05.11 22:35:39.276,1.80007,1.80029,1.00,1.50
2014.05.11 22:35:39.346,1.80007,1.8003,1.00,1.50
2014.05.11 22:35:41.626,1.80009,1.8003,1.00,1.50
2014.05.11 22:35:41.777,1.80009,1.80033,1.00,1.20
2014.05.11 22:35:47.336,1.80009,1.80029,1.00,2.25
2014.05.11 22:35:47.438,1.80005,1.80026,1.00,1.20
2014.05.11 22:35:47.539,1.80002,1.80025,1.00,2.40
2014.05.11 22:35:48.661,1.80002,1.80023,1.00,1.45
2014.05.11 22:35:51.865,1.80002,1.8002,1.00,1.55
2014.05.11 22:35:52.242,1.80002,1.80017,1.00,1.58
2014.05.11 22:35:52.623,1.79999,1.80017,1.00,1.58
2014.05.11 22:35:55.900,1.79999,1.80018,1.00,1.20
2014.05.11 22:35:55.952,1.79999,1.8002,1.00,1.20
2014.05.11 22:35:58.224,1.80002,1.8002,1.00,2.33
2014.05.11 22:35:58.389,1.80002,1.8002,1.00,1.65
2014.05.11 22:35:58.542,1.80006,1.80024,1.00,1.35
2014.05.11 22:36:00.066,1.80006,1.80023,1.00,1.10
2014.05.11 22:36:00.497,1.80006,1.80027,1.00,1.00
2014.05.11 22:36:00.548,1.80009,1.80033,1.00,1.20
2014.05.11 22:36:00.851,1.80013,1.80032,1.00,1.50
2014.05.11 22:36:02.721,1.80013,1.80031,1.00,1.50
2014.05.11 22:36:03.250,1.80013,1.80027,1.00,1.15
2014.05.11 22:36:03.555,1.79997,1.80015,1.38,1.50
2014.05.11 22:36:03.606,1.80003,1.80015,1.00,1.50
2014.05.11 22:36:03.758,1.80003,1.80018,1.00,2.25
2014.05.11 22:36:06.654,1.80003,1.80017,1.00,3.00
2014.05.11 22:36:06.705,1.80001,1.80014,1.00,1.50
2014.05.11 22:36:06.756,1.80001,1.80013,1.00,1.50
2014.05.11 22:36:06.806,1.79997,1.80013,1.00,1.50
2014.05.11 22:36:07.428,1.79997,1.80011,1.00,1.50
2014.05.11 22:36:08.050,1.79997,1.80013,1.00,1.50
2014.05.11 22:36:08.151,1.79997,1.80019,1.00,1.58
2014.05.11 22:36:08.252,1.8,1.8002,1.00,1.50
2014.05.11 22:36:08.649,1.80002,1.8002,1.00,1.50
2014.05.11 22:36:14.859,1.80002,1.80022,1.00,1.88
2014.05.11 22:36:14.910,1.80002,1.80022,1.00,1.20
2014.05.11 22:36:15.950,1.80004,1.80022,1.00,1.20
2014.05.11 22:36:17.372,1.79997,1.80021,1.00,1.15
2014.05.11 22:36:19.114,1.79997,1.80021,1.00,1.10
2014.05.11 22:36:19.215,1.8,1.80024,1.00,1.28
2014.05.11 22:36:19.266,1.8,1.80024,1.00,1.20
2014.05.11 22:36:20.670,1.80002,1.80025,1.00,1.18
2014.05.11 22:36:24.933,1.80002,1.80027,1.00,1.28
2014.05.11 22:36:25.034,1.80002,1.80027,1.00,1.20
2014.05.11 22:36:27.439,1.80002,1.80027,1.00,1.20
2014.05.11 22:36:28.449,1.80002,1.80025,1.00,1.10
2014.05.11 22:36:33.878,1.80002,1.8002,1.00,1.00
2014.05.11 22:36:33.979,1.80005,1.80027,1.00,1.38
2014.05.11 22:36:34.081,1.80005,1.80029,1.00,1.38
2014.05.11 22:36:36.741,1.80002,1.80027,1.10,1.20
2014.05.11 22:36:38.571,1.80002,1.80027,1.00,1.20
2014.05.11 22:36:43.309,1.80002,1.80027,1.08,1.20
2014.05.11 22:36:43.915,1.80002,1.80027,1.18,1.00
2014.05.11 22:36:48.374,1.80002,1.80027,1.18,1.00
2014.05.11 22:36:50.230,1.80002,1.80027,1.15,1.50
2014.05.11 22:36:50.881,1.80002,1.80027,1.15,1.50
2014.05.11 22:37:00.038,1.80002,1.80027,1.15,1.00
2014.05.11 22:37:00.909,1.80007,1.80029,1.10,2.63
2014.05.11 22:37:01.213,1.80013,1.80037,1.18,2.25
2014.05.11 22:37:01.263,1.80019,1.8004,1.10,1.75
2014.05.11 22:37:02.034,1.80019,1.8004,1.18,1.75
2014.05.11 22:37:02.579,1.80022,1.80042,1.58,1.05
2014.05.11 22:37:02.680,1.80026,1.80045,1.08,2.63
2014.05.11 22:37:02.781,1.80033,1.8005,1.00,1.38
2014.05.11 22:37:03.084,1.80036,1.80057,1.00,2.25
2014.05.11 22:37:03.286,1.80036,1.8005,1.00,1.00
2014.05.11 22:37:03.775,1.80033,1.80057,1.00,2.70
2014.05.11 22:37:05.525,1.8003,1.80055,1.00,1.48
2014.05.11 22:37:05.627,1.8003,1.8005,1.00,1.00
2014.05.11 22:37:12.171,1.8003,1.80055,1.00,2.33
2014.05.11 22:37:12.442,1.80027,1.80055,1.10,1.85
2014.05.11 22:37:12.938,1.80027,1.80055,1.00,3.90
2014.05.11 22:37:13.241,1.80024,1.80047,1.00,1.38
2014.05.11 22:37:13.541,1.80021,1.80047,1.00,1.38
2014.05.11 22:37:13.694,1.80012,1.80043,1.28,1.45
2014.05.11 22:37:13.795,1.80011,1.8004,1.18,1.48
2014.05.11 22:37:13.896,1.80011,1.8004,1.18,1.48
2014.05.11 22:37:14.157,1.80011,1.80037,1.18,1.13
2014.05.11 22:37:14.370,1.80007,1.8003,1.18,1.00
2014.05.11 22:37:16.509,1.80007,1.80035,1.18,1.38
2014.05.11 22:37:18.477,1.80007,1.80035,1.85,1.38
2014.05.11 22:37:18.739,1.80009,1.80037,1.15,4.13
2014.05.11 22:37:19.044,1.80024,1.80045,1.18,1.38
2014.05.11 22:37:19.945,1.80024,1.8005,1.18,1.38
2014.05.11 22:37:22.087,1.80024,1.8005,1.10,1.48
2014.05.11 22:37:33.556,1.80024,1.8005,1.00,1.10
2014.05.11 22:37:33.657,1.80024,1.80051,1.15,2.63
2014.05.11 22:37:33.968,1.80029,1.80057,1.10,3.15
2014.05.11 22:37:35.351,1.80029,1.80057,1.10,3.15
2014.05.11 22:37:35.656,1.80032,1.80057,1.00,1.90
2014.05.11 22:37:38.071,1.80029,1.80059,1.10,2.33
2014.05.11 22:37:38.172,1.80029,1.80053,1.10,1.38
2014.05.11 22:37:43.051,1.80026,1.80053,1.00,1.65
2014.05.11 22:37:46.029,1.80023,1.8005,1.00,1.53
2014.05.11 22:37:48.810,1.80023,1.80049,1.00,1.58
2014.05.11 22:37:49.115,1.80019,1.80045,1.00,1.95
2014.05.11 22:37:51.965,1.80016,1.8004,1.00,1.00
2014.05.11 22:37:52.016,1.80016,1.8004,1.00,1.38
2014.05.11 22:37:52.338,1.8002,1.80048,1.00,1.58
2014.05.11 22:37:52.926,1.8002,1.80048,1.00,1.20
2014.05.11 22:37:59.224,1.80024,1.80049,1.00,1.88
2014.05.11 22:38:02.832,1.80024,1.80052,1.00,1.58
2014.05.11 22:38:03.916,1.80024,1.80051,1.00,1.53
2014.05.11 22:38:08.116,1.80024,1.80049,1.00,1.20
2014.05.11 22:38:14.720,1.80024,1.8005,1.00,1.65
2014.05.11 22:38:32.671,1.80024,1.8005,1.10,1.38
2014.05.11 22:38:37.443,1.80024,1.80053,1.08,3.00
2014.05.11 22:38:47.923,1.80028,1.80053,1.00,1.88
2014.05.11 22:38:48.226,1.80036,1.8006,1.10,1.38
2014.05.11 22:38:48.588,1.80042,1.80069,1.00,4.13
2014.05.11 22:38:49.270,1.80042,1.80069,1.00,4.13
2014.05.11 22:38:56.714,1.80042,1.80069,1.08,2.70
2014.05.11 22:38:57.018,1.80052,1.80084,1.18,1.53
2014.05.11 22:38:57.496,1.80057,1.80086,1.00,1.58
2014.05.11 22:39:06.274,1.80057,1.80086,3.00,1.13
2014.05.11 22:39:06.325,1.8006,1.80087,2.25,2.63
2014.05.11 22:39:08.426,1.80064,1.8009,1.18,1.38
2014.05.11 22:39:14.973,1.80064,1.8009,1.18,1.38
2014.05.11 22:39:15.276,1.80059,1.8008,1.10,1.00
2014.05.11 22:39:15.528,1.80053,1.8008,1.00,1.10
2014.05.11 22:39:15.681,1.80053,1.8008,1.00,1.48
2014.05.11 22:39:15.997,1.80053,1.80075,1.00,1.00
2014.05.11 22:39:17.368,1.80053,1.80075,1.00,1.38
2014.05.11 22:39:18.289,1.80053,1.80081,1.00,4.28
2014.05.11 22:39:21.713,1.80056,1.80081,1.00,1.48
2014.05.11 22:39:22.016,1.80069,1.80087,1.18,1.00
2014.05.11 22:39:22.218,1.80072,1.80101,1.00,1.15
2014.05.11 22:39:22.303,1.80075,1.80101,1.75,1.08
2014.05.11 22:39:22.354,1.8008,1.80107,1.00,1.13
2014.05.11 22:39:22.606,1.80077,1.80105,1.00,1.15
2014.05.11 22:39:23.881,1.80077,1.80108,1.08,1.20
2014.05.11 22:39:24.708,1.80077,1.80105,1.15,1.20
2014.05.11 22:39:27.943,1.80077,1.80109,1.83,1.13
2014.05.11 22:39:28.044,1.80082,1.80113,1.18,1.20
2014.05.11 22:39:28.145,1.80082,1.8011,1.08,1.20
2014.05.11 22:39:28.247,1.8008,1.80109,1.00,1.20
2014.05.11 22:39:28.714,1.8008,1.80109,1.08,1.13
2014.05.11 22:39:28.765,1.80082,1.80113,1.18,1.20
2014.05.11 22:39:29.168,1.80082,1.80113,1.08,4.13
2014.05.11 22:39:29.683,1.80082,1.8011,1.00,1.50
2014.05.11 22:39:32.005,1.80082,1.80114,1.18,1.50
2014.05.11 22:39:32.259,1.80086,1.80115,1.10,1.50
2014.05.11 22:39:32.411,1.80089,1.8012,1.18,1.20
2014.05.11 22:39:38.967,1.80089,1.80123,1.58,1.50
2014.05.11 22:39:39.018,1.80089,1.80124,1.58,1.50
2014.05.11 22:39:39.119,1.80094,1.80129,1.50,1.95
2014.05.11 22:39:39.423,1.80101,1.80129,1.00,1.20
2014.05.11 22:39:44.648,1.80101,1.80132,1.18,1.50
2014.05.11 22:39:50.470,1.80101,1.80132,1.08,3.00
2014.05.11 22:39:51.117,1.80101,1.80128,1.00,1.50
2014.05.11 22:39:51.599,1.80101,1.80131,1.00,1.50
2014.05.11 22:39:51.649,1.80104,1.80131,1.50,1.50
2014.05.11 22:39:51.700,1.80104,1.8014,1.50,1.15
2014.05.11 22:39:51.801,1.80109,1.8014,1.20,1.00
2014.05.11 22:39:52.104,1.80119,1.80148,1.00,1.13
2014.05.11 22:39:52.306,1.80114,1.80145,1.00,1.15
2014.05.11 22:39:58.366,1.80118,1.8015,1.00,3.08
2014.05.11 22:39:58.468,1.80118,1.8015,1.00,1.08
2014.05.11 22:39:58.674,1.80115,1.80147,1.00,1.58
2014.05.11 22:39:59.043,1.80112,1.8014,1.00,1.00
2014.05.11 22:40:00.991,1.80115,1.8014,1.00,1.00
2014.05.11 22:40:12.218,1.80115,1.80145,1.00,1.10
2014.05.11 22:40:12.736,1.80118,1.80155,1.00,2.33
2014.05.11 22:40:13.323,1.80121,1.80155,1.00,1.58
2014.05.11 22:40:19.135,1.80121,1.80158,1.00,1.15
2014.05.11 22:40:19.655,1.80127,1.8016,1.00,1.50
2014.05.11 22:40:19.706,1.80127,1.8016,1.00,1.00
2014.05.11 22:40:19.807,1.80129,1.80165,1.00,4.20
2014.05.11 22:40:20.010,1.80129,1.80165,1.00,1.10
2014.05.11 22:40:20.111,1.80133,1.80167,1.00,1.08
2014.05.11 22:40:20.162,1.80133,1.80167,1.10,1.00
2014.05.11 22:40:20.213,1.80139,1.80176,1.00,1.20
2014.05.11 22:40:20.516,1.80139,1.80172,1.00,1.13
2014.05.11 22:40:20.566,1.80142,1.80177,1.00,1.58
2014.05.11 22:40:21.133,1.80142,1.80177,1.00,1.20
2014.05.11 22:40:22.539,1.80139,1.80177,1.00,1.95
2014.05.11 22:40:33.603,1.80139,1.80177,1.00,1.28
2014.05.11 22:40:33.704,1.80139,1.80177,1.00,1.28
2014.05.11 22:40:43.810,1.80139,1.80177,1.00,1.15
2014.05.11 22:40:44.386,1.80139,1.80177,1.00,1.58
2014.05.11 22:41:02.804,1.80139,1.80177,1.00,1.95
2014.05.11 22:41:03.007,1.80129,1.80166,1.00,1.58
2014.05.11 22:41:03.073,1.80129,1.80165,1.00,1.83
2014.05.11 22:41:03.225,1.80123,1.8016,1.88,2.63
2014.05.11 22:41:08.509,1.80123,1.80157,1.00,1.20
2014.05.11 22:41:08.897,1.80123,1.80158,1.00,1.53
2014.05.11 22:41:17.020,1.80123,1.8016,1.58,1.88
2014.05.11 22:41:17.121,1.80125,1.80163,1.08,1.88
2014.05.11 22:41:33.195,1.80125,1.80163,1.00,2.03
2014.05.11 22:41:33.296,1.80125,1.80159,1.00,1.88
2014.05.11 22:41:33.397,1.80118,1.80156,1.00,1.83
2014.05.11 22:41:33.498,1.80121,1.80157,1.00,2.25
2014.05.11 22:41:33.549,1.80121,1.80159,1.00,1.53
2014.05.11 22:41:33.712,1.80119,1.80157,1.00,1.95
2014.05.11 22:41:33.813,1.80115,1.80152,1.00,1.10
2014.05.11 22:41:36.743,1.80115,1.80152,1.18,1.00
2014.05.11 22:41:36.794,1.80118,1.80153,1.00,1.00
2014.05.11 22:41:36.878,1.80118,1.80155,1.00,1.20
2014.05.11 22:41:38.561,1.80118,1.80155,1.00,1.45
2014.05.11 22:41:38.663,1.80115,1.80153,1.00,1.55
2014.05.11 22:41:57.691,1.80115,1.80153,1.00,1.55
2014.05.11 22:42:02.544,1.80113,1.8015,1.00,1.38
2014.05.11 22:42:04.305,1.8011,1.80148,1.58,1.10
2014.05.11 22:42:04.565,1.8011,1.80148,1.00,1.48
2014.05.11 22:42:05.608,1.8011,1.80148,1.00,1.10
2014.05.11 22:42:06.366,1.80113,1.80151,1.00,1.53
2014.05.11 22:42:09.187,1.80113,1.80151,1.00,1.48
2014.05.11 22:42:34.013,1.80113,1.80151,1.38,2.03
2014.05.11 22:42:37.924,1.80113,1.80151,1.00,2.03
2014.05.11 22:42:38.474,1.80113,1.80151,1.38,2.03
2014.05.11 22:42:43.782,1.80113,1.80151,1.00,2.03
2014.05.11 22:42:56.431,1.80113,1.80151,1.13,2.70
2014.05.11 22:43:14.639,1.80111,1.80148,1.00,1.18
2014.05.11 22:43:16.444,1.80111,1.80148,1.38,1.18
2014.05.11 22:43:17.155,1.80111,1.80148,1.38,1.10
2014.05.11 22:43:25.357,1.80111,1.80148,1.00,1.10
2014.05.11 22:43:26.068,1.80111,1.80148,1.38,1.10
2014.05.11 22:43:28.557,1.80113,1.8015,1.08,1.95
2014.05.11 22:43:28.866,1.8012,1.80148,1.75,1.00
2014.05.11 22:43:28.968,1.80125,1.80152,1.10,1.18
2014.05.11 22:43:29.019,1.80125,1.80152,1.08,1.10
2014.05.11 22:43:29.170,1.80123,1.80153,1.15,1.53
2014.05.11 22:43:29.221,1.8012,1.8015,1.58,1.13
2014.05.11 22:43:29.272,1.8012,1.8015,1.10,1.95
2014.05.11 22:43:29.641,1.80117,1.80148,1.10,1.88
2014.05.11 22:43:46.262,1.80115,1.80144,1.58,1.08
2014.05.11 22:43:46.431,1.8012,1.80147,1.00,1.53
2014.05.11 22:43:48.218,1.80115,1.80147,1.58,1.53
2014.05.11 22:43:48.319,1.80118,1.80147,1.08,1.08
2014.05.11 22:43:48.521,1.80118,1.80148,1.10,1.20
2014.05.11 22:43:50.124,1.80118,1.8015,1.15,1.15
2014.05.11 22:43:50.427,1.80125,1.80154,1.10,1.15
2014.05.11 22:44:03.472,1.80122,1.80152,1.18,1.08
2014.05.11 22:44:03.523,1.80122,1.80153,1.10,1.50
2014.05.11 22:44:19.089,1.8012,1.80151,1.50,1.10
2014.05.11 22:44:38.024,1.80122,1.80153,1.20,1.50
2014.05.11 22:44:58.979,1.80125,1.80154,2.25,1.88
2014.05.11 22:44:59.031,1.80128,1.80154,1.50,1.13
2014.05.11 22:44:59.133,1.80135,1.80154,1.50,1.00
2014.05.11 22:44:59.183,1.80135,1.80157,1.50,2.25
2014.05.11 22:44:59.652,1.80135,1.80159,1.50,1.00
2014.05.11 22:44:59.856,1.8014,1.80159,1.08,1.00
2014.05.11 22:45:00.108,1.80135,1.80159,1.50,1.00
2014.05.11 22:45:12.102,1.80134,1.80159,1.50,1.00
2014.05.11 22:45:14.693,1.80139,1.80159,1.50,1.00
2014.05.11 22:45:14.794,1.80136,1.80159,1.50,1.00
2014.05.11 22:45:33.692,1.80136,1.80159,1.00,1.00
2014.05.11 22:45:34.203,1.80133,1.80159,1.15,1.00
2014.05.11 22:45:43.524,1.80129,1.80159,1.15,1.18
2014.05.11 22:45:43.986,1.8013,1.80159,1.50,1.13
2014.05.11 22:45:52.991,1.80129,1.80159,1.15,1.28
2014.05.11 22:45:54.915,1.80129,1.80159,1.18,1.95
2014.05.11 22:45:55.016,1.80129,1.80159,1.10,1.95
2014.05.11 22:45:56.282,1.80129,1.80159,1.18,1.20
2014.05.11 22:45:56.333,1.80129,1.80161,1.15,1.53
2014.05.11 22:46:08.013,1.80129,1.8016,1.08,1.20
2014.05.11 22:46:08.063,1.80129,1.80159,1.10,1.20
2014.05.11 22:46:09.533,1.80131,1.80159,2.25,1.13
2014.05.11 22:46:09.584,1.80134,1.80163,1.50,1.38
2014.05.11 22:46:16.245,1.80134,1.80166,2.25,1.55
2014.05.11 22:46:26.398,1.80134,1.80166,1.15,2.70
2014.05.11 22:46:37.582,1.80132,1.80162,1.08,1.50
2014.05.11 22:46:37.633,1.8013,1.80162,1.15,1.58
2014.05.11 22:46:37.785,1.80127,1.80159,1.95,1.58
2014.05.11 22:46:37.836,1.80127,1.80159,1.28,1.58
2014.05.11 22:46:58.554,1.80127,1.80159,1.15,2.25
2014.05.11 22:47:02.278,1.80127,1.80158,1.15,1.08
2014.05.11 22:47:02.380,1.80127,1.80159,1.58,1.15
2014.05.11 22:47:02.430,1.80127,1.80159,2.25,1.08
2014.05.11 22:47:02.483,1.80129,1.80159,1.50,1.00
2014.05.11 22:47:02.604,1.80127,1.80159,3.08,1.08
2014.05.11 22:47:02.714,1.80127,1.80159,1.15,1.15
2014.05.11 22:47:22.886,1.80127,1.80158,1.08,2.33
2014.05.11 22:47:22.937,1.80127,1.80156,1.00,1.50
2014.05.11 22:47:23.111,1.80125,1.80156,1.10,1.50
2014.05.11 22:47:35.880,1.80125,1.80157,1.08,1.83
2014.05.11 22:47:35.931,1.80125,1.80157,1.15,1.15
2014.05.11 22:48:13.413,1.80125,1.80155,1.18,1.08
2014.05.11 22:48:13.482,1.80125,1.80156,1.10,1.50
2014.05.11 22:48:22.929,1.80122,1.80154,1.83,1.08
2014.05.11 22:48:23.030,1.80123,1.80154,1.50,1.10
2014.05.11 22:48:34.458,1.80125,1.80153,1.00,1.50
2014.05.11 22:48:34.509,1.80122,1.80153,1.10,1.50
2014.05.11 22:48:36.523,1.80122,1.80154,1.15,1.58
2014.05.11 22:48:37.489,1.80119,1.80151,1.83,1.18
2014.05.11 22:48:37.540,1.80119,1.80151,1.15,1.15
2014.05.11 22:48:37.800,1.80115,1.80147,2.33,1.08
2014.05.11 22:48:37.888,1.80115,1.80147,1.65,1.15
2014.05.11 22:48:40.644,1.80118,1.8015,1.08,1.83
2014.05.11 22:48:40.745,1.80118,1.8015,1.15,1.15
2014.05.11 22:48:47.936,1.80121,1.80153,1.08,1.83
2014.05.11 22:48:47.988,1.80121,1.80153,1.15,1.15
2014.05.11 22:48:49.040,1.80124,1.80156,1.15,1.58
2014.05.11 22:49:09.118,1.80124,1.80156,1.15,1.58
2014.05.11 22:49:28.097,1.80124,1.80156,1.53,1.58
2014.05.11 22:49:28.249,1.80125,1.80156,1.95,1.18
2014.05.11 22:49:29.957,1.80127,1.80158,1.88,1.10
2014.05.11 22:49:31.058,1.80126,1.80158,1.53,1.15
2014.05.11 22:49:35.297,1.80126,1.80157,1.10,1.50
2014.05.11 22:49:35.599,1.80123,1.80153,1.00,1.50
2014.05.11 22:49:35.953,1.8012,1.8015,1.00,1.50
2014.05.11 22:49:36.519,1.80118,1.8015,1.18,2.25
2014.05.11 22:49:46.199,1.80115,1.80147,2.03,2.25
2014.05.11 22:49:49.324,1.80115,1.80147,3.00,1.15
2014.05.11 22:49:49.976,1.80119,1.80149,1.15,1.08
2014.05.11 22:49:50.027,1.80119,1.80151,1.15,1.15
2014.05.11 22:49:50.078,1.80122,1.80151,1.08,1.08
2014.05.11 22:49:50.129,1.80122,1.80151,1.50,1.00
2014.05.11 22:49:50.709,1.80124,1.80156,1.15,1.58
2014.05.11 22:49:51.957,1.80122,1.80154,1.15,1.58
2014.05.11 22:49:58.112,1.80125,1.80155,1.00,1.50
2014.05.11 22:49:58.213,1.80125,1.80157,1.58,1.15
2014.05.11 22:50:03.011,1.80125,1.80156,1.15,1.08
2014.05.11 22:50:03.063,1.80125,1.80157,1.18,2.25
2014.05.11 22:50:06.131,1.80131,1.80157,1.00,2.25
2014.05.11 22:50:06.434,1.80144,1.80169,2.33,1.00
2014.05.11 22:50:06.484,1.80142,1.80169,2.25,1.00
2014.05.11 22:50:06.535,1.8014,1.80161,2.25,1.10
2014.05.11 22:50:06.586,1.80137,1.80161,1.10,1.10
2014.05.11 22:50:06.788,1.80137,1.80161,1.00,1.25
2014.05.11 22:50:07.091,1.80137,1.80157,1.00,1.08
2014.05.11 22:50:07.242,1.80125,1.80157,1.55,2.25
2014.05.11 22:50:07.343,1.80125,1.80157,1.18,2.25
2014.05.11 22:50:12.400,1.80135,1.8016,1.50,1.00
2014.05.11 22:50:12.552,1.8014,1.80166,1.15,1.00
2014.05.11 22:50:12.603,1.8014,1.80166,3.08,1.00
2014.05.11 22:50:12.704,1.80142,1.80172,1.50,1.00
2014.05.11 22:50:12.805,1.8014,1.8017,1.15,1.18
2014.05.11 22:50:12.856,1.8014,1.80166,1.00,1.50
2014.05.11 22:50:13.163,1.8014,1.80163,1.00,1.50
2014.05.11 22:50:13.381,1.8013,1.80162,1.15,1.58
2014.05.11 22:50:14.251,1.8013,1.80156,1.00,1.58
2014.05.11 22:50:14.302,1.80121,1.80151,1.50,1.00
2014.05.11 22:50:14.403,1.80119,1.80151,1.15,1.15
2014.05.11 22:50:14.504,1.8012,1.80151,1.50,1.10
2014.05.11 22:50:18.366,1.80124,1.80154,1.08,1.18
2014.05.11 22:50:18.416,1.80123,1.80154,1.50,1.10
2014.05.11 22:50:24.158,1.80125,1.80156,1.10,1.50
2014.05.11 22:50:25.408,1.80129,1.80156,1.00,1.50
2014.05.11 22:50:25.510,1.80135,1.80163,1.15,1.10
2014.05.11 22:50:25.561,1.80135,1.80163,1.83,1.10
2014.05.11 22:50:25.611,1.80136,1.80167,1.50,1.10
2014.05.11 22:50:25.663,1.80137,1.80167,1.50,1.10
2014.05.11 22:50:25.826,1.80135,1.80166,1.18,1.50
2014.05.11 22:50:27.000,1.80132,1.80164,1.58,1.58
2014.05.11 22:50:27.051,1.80132,1.80164,1.18,2.25
2014.05.11 22:50:27.354,1.80124,1.80156,1.15,1.58
2014.05.11 22:50:44.536,1.80122,1.80153,1.08,1.15
2014.05.11 22:50:44.586,1.80121,1.80153,1.15,1.58
2014.05.11 22:51:04.554,1.80121,1.80153,1.95,1.15
2014.05.11 22:51:05.080,1.80123,1.80155,1.15,1.58
2014.05.11 22:51:25.256,1.80123,1.80155,1.18,2.25
2014.05.11 22:51:25.802,1.80123,1.80152,1.00,1.50
2014.05.11 22:51:25.903,1.80121,1.80152,1.10,1.50
2014.05.11 22:51:46.551,1.80119,1.80148,1.08,2.33
2014.05.11 22:51:46.601,1.80116,1.80146,1.38,1.50
2014.05.11 22:51:47.168,1.80116,1.80146,1.00,1.50
2014.05.11 22:52:06.866,1.80116,1.80146,1.10,1.50
2014.05.11 22:52:07.920,1.80116,1.80143,1.00,1.08
2014.05.11 22:52:08.431,1.80114,1.80144,1.38,1.50
2014.05.11 22:52:13.652,1.80114,1.80144,1.00,1.50
2014.05.11 22:52:16.734,1.80112,1.80144,1.18,2.25
2014.05.11 22:52:30.221,1.80112,1.80144,1.10,3.75
2014.05.11 22:52:30.373,1.8011,1.80142,1.00,2.25
2014.05.11 22:52:47.234,1.80113,1.80145,1.00,3.00
2014.05.11 22:52:56.630,1.80113,1.80145,1.08,1.83
2014.05.11 22:52:56.732,1.80113,1.80145,1.15,1.15
2014.05.11 22:52:59.689,1.80114,1.80146,1.58,1.18
2014.05.11 22:53:25.589,1.80116,1.80148,1.15,1.58
2014.05.11 22:53:29.911,1.80112,1.80142,1.08,1.50
2014.05.11 22:53:29.962,1.80111,1.80142,2.40,1.58
2014.05.11 22:53:32.906,1.80114,1.80143,1.00,1.50
2014.05.11 22:53:33.007,1.80115,1.80146,1.15,1.15
2014.05.11 22:53:33.109,1.80116,1.80148,2.25,1.18
2014.05.11 22:53:34.953,1.80115,1.80143,1.50,1.50
2014.05.11 22:53:35.104,1.80112,1.80143,1.10,1.50
2014.05.11 22:53:35.265,1.80112,1.80143,1.75,1.08
2014.05.11 22:53:35.317,1.80112,1.80144,2.25,1.18
2014.05.11 22:53:35.469,1.80116,1.80144,1.08,1.10
2014.05.11 22:53:35.621,1.80116,1.80148,1.58,1.15
2014.05.11 22:53:46.244,1.80118,1.80148,1.50,1.00
2014.05.11 22:53:46.761,1.80121,1.80153,1.15,1.58
2014.05.11 22:53:47.095,1.80126,1.80156,1.50,1.10
2014.05.11 22:53:47.405,1.80128,1.80156,1.50,1.00
2014.05.11 22:53:48.155,1.8013,1.80157,1.15,1.00
2014.05.11 22:53:49.248,1.8013,1.80157,1.83,1.00
2014.05.11 22:53:49.807,1.80132,1.80157,1.58,1.00
2014.05.11 22:54:14.746,1.80134,1.80157,1.50,1.00
2014.05.11 22:54:25.688,1.80135,1.80157,1.50,1.00
2014.05.11 22:54:26.257,1.80137,1.80157,2.25,1.00
2014.05.11 22:54:39.605,1.80137,1.80157,1.15,1.00
2014.05.11 22:54:42.751,1.80137,1.80157,1.58,1.00
2014.05.11 22:54:43.310,1.80137,1.80157,2.25,1.00
2014.05.11 22:54:45.064,1.80137,1.80157,1.15,1.00
2014.05.11 22:54:52.685,1.80134,1.80157,1.58,1.00
2014.05.11 22:54:52.736,1.80134,1.80157,1.15,1.00
2014.05.11 22:54:54.967,1.80134,1.80157,1.83,1.00
2014.05.11 22:55:03.931,1.80139,1.80157,1.08,1.00
2014.05.11 22:55:09.188,1.80136,1.80157,1.58,1.00
2014.05.11 22:55:29.600,1.80136,1.80157,1.15,1.00
2014.05.11 22:55:31.527,1.80134,1.80157,1.18,1.00
2014.05.11 22:55:48.099,1.80127,1.80157,1.58,1.10
2014.05.11 22:56:03.963,1.8013,1.80157,1.08,1.50
2014.05.11 22:56:04.064,1.80131,1.8016,1.15,1.10
2014.05.11 22:56:59.193,1.80132,1.80163,1.50,1.10
2014.05.11 22:57:02.591,1.80136,1.80165,2.33,1.08
2014.05.11 22:57:02.692,1.80138,1.80169,1.50,1.10
2014.05.11 22:57:04.295,1.80139,1.8017,1.18,1.85
2014.05.11 22:57:04.346,1.80136,1.80168,1.15,1.15
2014.05.11 22:57:45.537,1.80136,1.80168,1.15,1.58
2014.05.11 22:58:00.385,1.80136,1.80168,1.00,1.00
2014.05.11 22:58:04.346,1.8013,1.80172,1.50,1.00
2014.05.11 22:58:05.650,1.80131,1.80173,1.00,1.50
2014.05.11 22:58:23.762,1.80135,1.80173,1.00,1.50
2014.05.11 22:58:24.149,1.80148,1.80173,1.00,1.50
2014.05.11 22:58:33.659,1.8015,1.80173,1.00,1.88
2014.05.11 22:58:42.812,1.80149,1.80173,1.00,1.88
2014.05.11 22:58:47.235,1.80149,1.80173,1.00,1.38
2014.05.11 22:59:10.634,1.80146,1.80173,1.00,1.38
2014.05.11 22:59:14.136,1.80143,1.80173,1.00,1.38
2014.05.11 22:59:16.692,1.80145,1.80173,1.00,1.38
2014.05.11 22:59:16.994,1.80145,1.80174,1.00,1.69
2014.05.11 22:59:17.246,1.80148,1.80175,1.00,1.69
2014.05.11 22:59:17.347,1.80148,1.80176,1.00,1.13
2014.05.11 22:59:17.649,1.80145,1.80175,1.00,4.50
2014.05.11 22:59:18.324,1.80145,1.80175,1.00,4.88
2014.05.11 22:59:37.656,1.80143,1.80173,1.00,5.82
2014.05.11 22:59:38.448,1.80143,1.80172,1.00,2.88
2014.05.11 22:59:40.082,1.80143,1.80172,1.00,1.88
2014.05.11 22:59:42.918,1.80143,1.8017,1.00,1.00
2014.05.11 22:59:44.720,1.80143,1.80169,1.00,1.00
2014.05.11 22:59:48.453,1.80143,1.8017,1.00,1.50
