2017.05.31 08:00:00.332,1.7192,1.71952,1.12,1.00
2017.05.31 08:00:00.853,1.7192,1.71952,1.37,1.50
2017.05.31 08:00:01.379,1.7192,1.71953,1.50,1.00
2017.05.31 08:00:01.535,1.71923,1.71953,1.37,1.00
2017.05.31 08:00:01.637,1.71923,1.71956,1.37,1.00
2017.05.31 08:00:02.161,1.71923,1.71953,1.00,1.00
2017.05.31 08:00:02.648,1.71923,1.71955,1.00,1.00
2017.05.31 08:00:02.699,1.71923,1.71958,1.00,2.21
2017.05.31 08:00:03.238,1.71923,1.71958,1.00,1.50
2017.05.31 08:00:03.533,1.71923,1.71954,1.00,1.00
2017.05.31 08:00:03.839,1.71917,1.71948,1.12,2.59
2017.05.31 08:00:03.941,1.71915,1.71948,1.12,1.84
2017.05.31 08:00:04.247,1.71914,1.71947,1.87,1.34
2017.05.31 08:00:04.298,1.71916,1.71947,1.00,1.34
2017.05.31 08:00:04.693,1.71914,1.71948,1.12,1.34
2017.05.31 08:00:05.216,1.71914,1.71948,1.00,1.34
2017.05.31 08:00:05.267,1.71917,1.71948,1.00,1.34
2017.05.31 08:00:05.318,1.71918,1.71948,1.00,1.00
2017.05.31 08:00:05.868,1.71918,1.71949,1.00,1.09
2017.05.31 08:00:05.999,1.71922,1.71949,1.00,1.09
2017.05.31 08:00:06.253,1.71924,1.71953,1.00,1.00
2017.05.31 08:00:06.979,1.71923,1.71953,1.00,1.00
2017.05.31 08:00:07.185,1.71927,1.71958,1.00,1.50
2017.05.31 08:00:07.239,1.7193,1.71958,1.00,1.00
2017.05.31 08:00:07.578,1.7193,1.71964,1.50,1.34
2017.05.31 08:00:07.843,1.71931,1.71964,1.00,1.34
2017.05.31 08:00:07.895,1.71929,1.71963,1.50,1.34
2017.05.31 08:00:08.118,1.7193,1.71959,1.00,1.00
2017.05.31 08:00:08.368,1.7193,1.71963,1.00,1.34
2017.05.31 08:00:09.732,1.71928,1.7196,3.37,2.59
2017.05.31 08:00:10.166,1.71926,1.71958,2.62,1.00
2017.05.31 08:00:10.566,1.71925,1.71957,2.25,1.34
2017.05.31 08:00:10.870,1.71916,1.7195,2.62,1.84
2017.05.31 08:00:10.922,1.71916,1.71949,1.87,1.84
2017.05.31 08:00:11.497,1.71917,1.71949,1.00,1.84
2017.05.31 08:00:12.039,1.71918,1.7195,1.00,1.84
2017.05.31 08:00:12.958,1.71919,1.71948,1.00,1.34
2017.05.31 08:00:13.450,1.71916,1.71947,1.00,1.84
2017.05.31 08:00:13.756,1.71918,1.71952,1.37,2.96
2017.05.31 08:00:14.306,1.71918,1.71953,3.75,1.84
2017.05.31 08:00:14.553,1.71925,1.71952,1.00,1.00
2017.05.31 08:00:14.604,1.71927,1.71959,1.37,1.46
2017.05.31 08:00:14.756,1.71929,1.71959,1.37,1.46
2017.05.31 08:00:15.420,1.71929,1.71958,1.37,1.00
2017.05.31 08:00:15.727,1.71927,1.71955,1.37,1.34
2017.05.31 08:00:15.778,1.71927,1.71951,1.00,1.34
2017.05.31 08:00:15.880,1.71919,1.71948,1.12,1.34
2017.05.31 08:00:15.931,1.71918,1.71948,1.50,2.59
2017.05.31 08:00:16.070,1.71918,1.71948,1.00,2.59
2017.05.31 08:00:16.171,1.71918,1.71948,1.87,1.34
2017.05.31 08:00:16.223,1.71918,1.71948,1.87,1.09
2017.05.31 08:00:16.995,1.71918,1.71948,2.25,1.09
2017.05.31 08:00:18.271,1.7192,1.71948,1.00,1.00
2017.05.31 08:00:18.628,1.71921,1.71949,1.37,1.00
2017.05.31 08:00:19.351,1.71921,1.71949,1.37,1.00
2017.05.31 08:00:20.016,1.71921,1.71949,1.37,1.09
2017.05.31 08:00:20.551,1.71922,1.71948,1.37,1.00
2017.05.31 08:00:21.520,1.71922,1.71952,1.37,1.34
2017.05.31 08:00:22.089,1.71922,1.71952,1.37,1.34
2017.05.31 08:00:22.762,1.71921,1.71949,1.87,1.09
2017.05.31 08:00:23.372,1.71921,1.71949,1.12,1.34
2017.05.31 08:00:23.636,1.71918,1.71948,1.37,1.00
2017.05.31 08:00:24.259,1.7192,1.71948,1.00,1.00
2017.05.31 08:00:24.762,1.71918,1.71948,1.87,1.00
2017.05.31 08:00:25.750,1.71918,1.71949,1.87,1.09
2017.05.31 08:00:26.276,1.71918,1.7195,1.12,1.09
2017.05.31 08:00:26.327,1.71922,1.71949,1.00,1.00
2017.05.31 08:00:26.836,1.71926,1.71949,1.00,1.00
2017.05.31 08:00:26.888,1.71926,1.71954,1.37,1.12
2017.05.31 08:00:26.939,1.71928,1.71959,1.37,1.50
2017.05.31 08:00:27.294,1.7193,1.71959,1.37,1.00
2017.05.31 08:00:27.599,1.71931,1.71959,1.37,1.00
2017.05.31 08:00:27.784,1.7193,1.71959,1.37,1.00
2017.05.31 08:00:27.937,1.7193,1.71959,1.12,1.00
2017.05.31 08:00:28.351,1.7193,1.71963,1.37,1.50
2017.05.31 08:00:28.405,1.71927,1.71959,1.87,1.00
2017.05.31 08:00:28.728,1.71926,1.71961,1.50,1.84
2017.05.31 08:00:28.779,1.71926,1.71961,2.62,1.84
2017.05.31 08:00:28.991,1.71926,1.71961,1.87,1.84
2017.05.31 08:00:29.046,1.71926,1.71961,1.87,2.59
2017.05.31 08:00:29.566,1.71927,1.71959,1.37,1.34
2017.05.31 08:00:30.809,1.71926,1.71959,2.25,1.34
2017.05.31 08:00:30.911,1.71925,1.71959,3.00,1.84
2017.05.31 08:00:30.962,1.71925,1.71957,3.00,1.34
2017.05.31 08:00:31.579,1.71925,1.71957,1.37,1.34
2017.05.31 08:00:32.300,1.71925,1.71957,1.12,1.34
2017.05.31 08:00:32.912,1.71925,1.71957,1.37,1.84
2017.05.31 08:00:34.310,1.71925,1.71956,1.00,1.34
2017.05.31 08:00:35.195,1.71925,1.71956,1.37,1.34
2017.05.31 08:00:35.261,1.71925,1.71956,1.37,1.00
2017.05.31 08:00:35.768,1.71925,1.71957,1.37,1.50
2017.05.31 08:00:36.717,1.71925,1.71953,1.37,1.00
2017.05.31 08:00:37.241,1.71925,1.71953,1.37,1.00
2017.05.31 08:00:38.156,1.71925,1.71953,1.37,1.00
2017.05.31 08:00:38.258,1.71923,1.71957,1.50,1.09
2017.05.31 08:00:38.359,1.71921,1.71954,3.37,1.00
2017.05.31 08:00:38.590,1.71922,1.71959,1.75,1.46
2017.05.31 08:00:38.641,1.71922,1.71953,1.37,1.00
2017.05.31 08:00:39.148,1.71921,1.71953,3.00,1.00
2017.05.31 08:00:40.664,1.71923,1.71959,1.37,1.71
2017.05.31 08:00:41.523,1.71923,1.71959,1.37,1.71
2017.05.31 08:00:41.713,1.71923,1.71958,1.37,2.21
2017.05.31 08:00:42.292,1.71922,1.71953,1.37,1.09
2017.05.31 08:00:42.784,1.71922,1.71953,1.37,1.34
2017.05.31 08:00:44.230,1.71921,1.71953,1.87,1.34
2017.05.31 08:00:45.713,1.71924,1.71953,1.12,1.09
2017.05.31 08:00:46.232,1.71921,1.71953,1.87,1.34
2017.05.31 08:00:46.871,1.71921,1.71953,1.87,1.34
2017.05.31 08:00:47.432,1.71921,1.71953,1.87,1.34
2017.05.31 08:00:48.031,1.71924,1.71953,1.00,1.00
2017.05.31 08:00:49.312,1.71924,1.71953,1.12,1.34
2017.05.31 08:00:49.513,1.71924,1.71953,1.12,1.34
2017.05.31 08:00:49.614,1.71921,1.71953,1.37,1.34
2017.05.31 08:00:49.665,1.71919,1.71949,1.00,1.34
2017.05.31 08:00:50.005,1.71914,1.71943,1.00,1.34
2017.05.31 08:00:50.574,1.71912,1.71943,1.87,1.34
2017.05.31 08:00:51.086,1.71912,1.71943,1.87,1.34
2017.05.31 08:00:51.869,1.71912,1.71943,1.87,1.34
2017.05.31 08:00:52.175,1.71912,1.71942,1.87,1.84
2017.05.31 08:00:52.502,1.71912,1.71943,1.87,1.34
2017.05.31 08:00:53.081,1.71912,1.71943,1.37,1.84
2017.05.31 08:00:54.889,1.71912,1.71943,1.37,1.34
2017.05.31 08:00:56.018,1.71912,1.7194,1.37,1.84
2017.05.31 08:00:56.323,1.71896,1.71923,1.00,1.84
2017.05.31 08:00:56.523,1.71897,1.71929,1.00,3.71
2017.05.31 08:00:56.574,1.71897,1.71926,1.00,1.84
2017.05.31 08:00:56.896,1.71893,1.71925,1.37,1.84
2017.05.31 08:00:57.666,1.71896,1.71925,1.00,1.84
2017.05.31 08:00:57.717,1.71896,1.71924,1.00,1.84
2017.05.31 08:00:57.768,1.71892,1.71924,1.87,1.84
2017.05.31 08:00:58.301,1.71892,1.71923,1.87,1.84
2017.05.31 08:00:58.518,1.71892,1.71925,2.62,1.84
2017.05.31 08:00:59.168,1.71892,1.71923,2.62,1.84
2017.05.31 08:01:00.478,1.71896,1.71924,1.50,1.84
2017.05.31 08:01:00.681,1.71896,1.71926,1.00,1.84
2017.05.31 08:01:00.985,1.71894,1.71924,1.37,1.84
2017.05.31 08:01:01.373,1.71894,1.71926,1.37,1.84
2017.05.31 08:01:01.680,1.71893,1.71924,1.37,1.84
2017.05.31 08:01:02.244,1.71896,1.71926,1.00,1.84
2017.05.31 08:01:02.803,1.71896,1.71928,1.00,2.21
2017.05.31 08:01:03.113,1.71895,1.71928,1.37,1.46
2017.05.31 08:01:06.085,1.71897,1.71928,1.00,1.46
2017.05.31 08:01:06.863,1.71897,1.71928,1.00,1.46
2017.05.31 08:01:07.383,1.71896,1.71929,1.12,1.84
2017.05.31 08:01:07.900,1.71897,1.71929,1.00,1.84
2017.05.31 08:01:08.518,1.71898,1.71929,1.00,1.84
2017.05.31 08:01:08.857,1.71897,1.71923,1.12,1.00
2017.05.31 08:01:09.194,1.71896,1.71923,1.12,1.34
2017.05.31 08:01:09.449,1.71894,1.71923,1.12,2.59
2017.05.31 08:01:09.753,1.71894,1.71923,1.37,1.34
2017.05.31 08:01:10.050,1.71894,1.71923,1.37,1.00
2017.05.31 08:01:10.569,1.71894,1.71924,1.37,1.00
2017.05.31 08:01:11.075,1.71896,1.71923,1.37,1.00
2017.05.31 08:01:11.544,1.71896,1.71928,1.37,1.50
2017.05.31 08:01:12.258,1.71898,1.71928,1.00,1.50
2017.05.31 08:01:12.812,1.71898,1.71927,1.00,1.00
2017.05.31 08:01:13.136,1.71898,1.71927,1.00,1.34
2017.05.31 08:01:13.188,1.71895,1.71928,1.12,1.34
2017.05.31 08:01:13.290,1.71895,1.71929,1.37,1.84
2017.05.31 08:01:13.341,1.71895,1.71929,1.37,1.84
2017.05.31 08:01:13.846,1.71893,1.71929,2.25,1.84
2017.05.31 08:01:14.350,1.71895,1.71929,1.37,1.84
2017.05.31 08:01:14.401,1.71895,1.71923,1.37,1.00
2017.05.31 08:01:15.064,1.71895,1.71924,1.37,1.00
2017.05.31 08:01:15.166,1.71895,1.71924,1.12,1.00
2017.05.31 08:01:15.701,1.71895,1.71924,1.37,1.00
2017.05.31 08:01:16.211,1.71896,1.71923,1.12,1.09
2017.05.31 08:01:16.956,1.71897,1.71924,1.00,1.34
2017.05.31 08:01:17.272,1.71897,1.71928,1.12,1.84
2017.05.31 08:01:17.790,1.71898,1.71928,1.00,1.00
2017.05.31 08:01:18.333,1.71897,1.71928,1.50,1.50
2017.05.31 08:01:18.551,1.719,1.71928,1.00,1.00
2017.05.31 08:01:18.948,1.719,1.71924,1.00,1.00
2017.05.31 08:01:21.123,1.719,1.71923,1.00,1.00
2017.05.31 08:01:24.072,1.71898,1.71923,1.00,1.00
2017.05.31 08:01:24.123,1.71895,1.71916,1.37,1.09
2017.05.31 08:01:24.226,1.71891,1.71914,1.37,1.34
2017.05.31 08:01:24.328,1.71885,1.71914,2.25,1.34
2017.05.31 08:01:24.430,1.71885,1.71915,3.00,1.34
2017.05.31 08:01:24.637,1.71897,1.71927,2.25,1.00
2017.05.31 08:01:24.738,1.71897,1.7193,1.50,1.00
2017.05.31 08:01:24.941,1.71896,1.7193,3.00,1.00
2017.05.31 08:01:25.503,1.71904,1.71931,1.00,1.00
2017.05.31 08:01:25.605,1.71904,1.71934,3.34,1.00
2017.05.31 08:01:25.656,1.71909,1.71934,1.09,1.00
2017.05.31 08:01:25.849,1.71909,1.71938,2.21,1.00
2017.05.31 08:01:25.900,1.71909,1.7194,1.87,1.00
2017.05.31 08:01:26.258,1.71912,1.71941,1.00,1.00
2017.05.31 08:01:26.939,1.71911,1.71942,1.00,1.00
2017.05.31 08:01:27.441,1.71909,1.71942,1.37,1.00
2017.05.31 08:01:27.984,1.7191,1.71941,1.12,1.00
2017.05.31 08:01:28.577,1.7191,1.71942,1.12,1.00
2017.05.31 08:01:28.889,1.7191,1.71942,1.12,1.34
2017.05.31 08:01:34.535,1.71911,1.71942,1.00,1.34
2017.05.31 08:01:35.070,1.71908,1.71942,2.62,1.84
2017.05.31 08:01:37.234,1.71909,1.71941,1.87,1.00
2017.05.31 08:01:38.347,1.71909,1.71942,1.37,1.50
2017.05.31 08:01:39.104,1.71909,1.71941,1.87,1.00
2017.05.31 08:01:40.961,1.71909,1.71942,1.37,1.00
2017.05.31 08:01:42.059,1.71909,1.71938,1.37,1.00
2017.05.31 08:01:42.364,1.71906,1.71933,1.00,1.00
2017.05.31 08:01:42.465,1.719,1.71933,2.21,1.00
2017.05.31 08:01:42.840,1.71905,1.71934,1.00,1.00
2017.05.31 08:01:44.354,1.71908,1.71937,1.12,1.50
2017.05.31 08:01:44.752,1.71906,1.71938,1.00,2.59
2017.05.31 08:01:44.803,1.71913,1.71938,1.00,1.34
2017.05.31 08:01:44.904,1.7191,1.71941,1.00,2.59
2017.05.31 08:01:45.259,1.71911,1.71939,1.00,1.00
2017.05.31 08:01:45.310,1.71911,1.71941,1.00,1.00
2017.05.31 08:01:45.894,1.71908,1.71942,1.12,1.50
2017.05.31 08:01:45.944,1.71906,1.71938,2.62,1.00
2017.05.31 08:01:46.299,1.71907,1.7194,1.50,1.09
2017.05.31 08:01:46.835,1.71906,1.7194,2.62,1.34
2017.05.31 08:01:47.641,1.71906,1.71938,1.00,1.00
2017.05.31 08:01:47.692,1.7191,1.71938,1.00,1.00
2017.05.31 08:01:48.164,1.71908,1.71938,1.00,1.00
2017.05.31 08:01:48.410,1.71912,1.71938,1.00,1.00
2017.05.31 08:01:48.613,1.71912,1.71941,1.00,1.00
2017.05.31 08:01:48.766,1.71908,1.71942,1.37,1.00
2017.05.31 08:01:48.817,1.71911,1.71942,1.00,1.00
2017.05.31 08:01:48.935,1.71907,1.71942,4.87,1.00
2017.05.31 08:01:49.087,1.71912,1.71942,1.00,1.00
2017.05.31 08:01:49.138,1.71912,1.71944,1.00,1.50
2017.05.31 08:01:49.189,1.71916,1.71946,1.46,1.00
2017.05.31 08:01:49.290,1.71921,1.71949,1.71,1.00
2017.05.31 08:01:49.341,1.71923,1.71949,1.46,1.00
2017.05.31 08:01:49.718,1.71922,1.71954,1.09,1.00
2017.05.31 08:01:50.232,1.71924,1.71954,1.00,1.00
2017.05.31 08:01:51.255,1.71924,1.71955,1.00,1.00
2017.05.31 08:01:52.341,1.71924,1.71954,1.00,1.00
2017.05.31 08:01:53.182,1.7192,1.71954,2.25,1.34
2017.05.31 08:01:53.539,1.71918,1.71948,1.87,1.00
2017.05.31 08:01:54.164,1.71922,1.71953,1.12,1.50
2017.05.31 08:01:54.669,1.71923,1.71953,1.00,1.50
2017.05.31 08:01:55.646,1.71923,1.71954,1.00,1.00
2017.05.31 08:01:56.073,1.71925,1.71945,1.00,1.34
2017.05.31 08:01:56.175,1.71916,1.71938,1.00,1.09
2017.05.31 08:01:56.227,1.71916,1.71945,1.37,1.00
2017.05.31 08:01:56.329,1.71919,1.71949,1.87,1.87
2017.05.31 08:01:56.380,1.71918,1.71952,2.62,1.00
2017.05.31 08:01:56.528,1.71918,1.71944,1.37,1.00
2017.05.31 08:01:56.579,1.71915,1.71944,1.00,1.00
2017.05.31 08:01:56.631,1.71917,1.71944,1.12,1.00
2017.05.31 08:01:56.682,1.71914,1.71949,1.87,1.50
2017.05.31 08:01:56.735,1.71914,1.71949,1.87,1.00
2017.05.31 08:01:57.204,1.71914,1.71948,2.96,1.00
2017.05.31 08:01:57.613,1.71917,1.71943,1.12,1.00
2017.05.31 08:01:57.666,1.71923,1.71952,1.46,1.00
2017.05.31 08:01:57.717,1.71923,1.71957,1.71,1.37
2017.05.31 08:01:57.769,1.71928,1.71958,1.37,2.62
2017.05.31 08:01:57.820,1.71928,1.71958,1.12,1.87
2017.05.31 08:01:57.921,1.71924,1.71954,1.87,1.00
2017.05.31 08:01:57.972,1.71924,1.71954,1.37,1.00
2017.05.31 08:01:58.377,1.71923,1.71954,1.12,1.50
2017.05.31 08:01:58.767,1.71923,1.71954,1.37,1.50
2017.05.31 08:01:59.130,1.71923,1.71953,1.37,1.50
2017.05.31 08:01:59.417,1.71929,1.71958,1.00,1.37
2017.05.31 08:02:00.002,1.71929,1.71958,1.37,1.00
2017.05.31 08:02:00.322,1.71928,1.71959,1.37,1.50
2017.05.31 08:02:00.373,1.71928,1.71959,1.37,1.50
2017.05.31 08:02:00.424,1.71927,1.71953,1.37,1.00
2017.05.31 08:02:00.732,1.71916,1.71945,1.75,1.00
2017.05.31 08:02:00.783,1.71912,1.71946,1.87,1.50
2017.05.31 08:02:00.935,1.71915,1.71946,1.37,1.84
2017.05.31 08:02:00.994,1.71915,1.71946,1.37,1.84
2017.05.31 08:02:01.045,1.71915,1.71943,1.37,1.00
2017.05.31 08:02:01.096,1.71915,1.71943,1.12,1.00
2017.05.31 08:02:01.300,1.71912,1.71946,1.37,1.09
2017.05.31 08:02:01.453,1.71912,1.71945,1.37,1.00
2017.05.31 08:02:01.758,1.71919,1.71944,1.37,1.00
2017.05.31 08:02:01.961,1.71921,1.71953,1.87,1.50
2017.05.31 08:02:02.164,1.71921,1.71953,1.37,1.50
2017.05.31 08:02:02.666,1.71925,1.71953,1.12,1.00
2017.05.31 08:02:03.045,1.71925,1.71955,1.37,1.00
2017.05.31 08:02:03.554,1.71925,1.71956,1.00,1.09
2017.05.31 08:02:03.605,1.71925,1.71953,1.00,1.00
2017.05.31 08:02:07.566,1.71925,1.71955,1.12,1.00
2017.05.31 08:02:07.617,1.71925,1.71957,1.46,1.00
2017.05.31 08:02:07.718,1.71927,1.71959,1.37,1.00
2017.05.31 08:02:08.224,1.71928,1.71958,1.12,1.00
2017.05.31 08:02:08.326,1.71928,1.71963,1.37,3.75
2017.05.31 08:02:08.427,1.71928,1.7196,1.37,1.00
2017.05.31 08:02:08.922,1.71928,1.71959,1.37,1.00
2017.05.31 08:02:09.181,1.71928,1.71959,1.37,1.00
2017.05.31 08:02:09.231,1.71928,1.71958,1.37,1.00
2017.05.31 08:02:09.384,1.71928,1.7196,1.37,1.00
2017.05.31 08:02:09.485,1.71928,1.71962,1.12,1.00
2017.05.31 08:02:09.774,1.71928,1.71962,1.37,1.00
2017.05.31 08:02:10.317,1.71928,1.71958,1.37,1.00
2017.05.31 08:02:11.314,1.71927,1.71958,1.37,1.00
2017.05.31 08:02:11.496,1.71927,1.71958,1.37,1.00
2017.05.31 08:02:12.024,1.71924,1.71949,1.00,1.00
2017.05.31 08:02:12.277,1.71916,1.71947,1.37,1.00
2017.05.31 08:02:12.816,1.71916,1.71946,1.37,1.00
2017.05.31 08:02:13.229,1.71917,1.7195,1.37,1.00
2017.05.31 08:02:13.814,1.71917,1.7195,1.37,1.00
2017.05.31 08:02:13.866,1.71917,1.71947,1.37,1.00
2017.05.31 08:02:14.019,1.71916,1.71947,1.00,1.00
2017.05.31 08:02:14.120,1.71916,1.71947,1.37,1.50
2017.05.31 08:02:14.602,1.71916,1.71947,1.37,1.00
2017.05.31 08:02:14.653,1.71916,1.71947,1.37,1.00
2017.05.31 08:02:15.184,1.71918,1.71948,1.00,1.00
2017.05.31 08:02:15.235,1.71918,1.71951,1.50,1.00
2017.05.31 08:02:15.694,1.71921,1.71951,1.37,1.00
2017.05.31 08:02:15.746,1.71921,1.71952,1.12,1.00
2017.05.31 08:02:16.211,1.71921,1.71948,1.12,1.00
2017.05.31 08:02:16.262,1.71917,1.7195,3.37,1.50
2017.05.31 08:02:16.466,1.71917,1.71948,1.75,1.00
2017.05.31 08:02:16.568,1.71914,1.71947,2.62,1.50
2017.05.31 08:02:16.967,1.71914,1.71944,1.37,1.00
2017.05.31 08:02:17.514,1.71914,1.71943,1.37,1.00
2017.05.31 08:02:17.565,1.71914,1.71945,1.37,1.00
2017.05.31 08:02:17.666,1.71914,1.71943,1.00,1.00
2017.05.31 08:02:17.940,1.71912,1.71946,1.34,1.50
2017.05.31 08:02:17.991,1.71911,1.71943,1.46,1.00
2017.05.31 08:02:18.093,1.71913,1.71943,3.71,1.00
2017.05.31 08:02:18.144,1.71914,1.71946,1.00,1.00
2017.05.31 08:02:18.246,1.71914,1.71948,1.00,2.62
2017.05.31 08:02:18.349,1.71914,1.71944,1.00,1.00
2017.05.31 08:02:18.450,1.71913,1.71947,1.50,1.00
2017.05.31 08:02:18.978,1.71913,1.71946,1.50,1.00
2017.05.31 08:02:19.384,1.71915,1.71947,1.00,1.00
2017.05.31 08:02:19.485,1.71913,1.71949,1.00,3.00
2017.05.31 08:02:19.688,1.71917,1.71949,1.00,2.25
2017.05.31 08:02:20.050,1.71917,1.71946,1.00,1.00
2017.05.31 08:02:21.222,1.71917,1.71947,1.00,1.00
2017.05.31 08:02:21.771,1.71917,1.71946,1.00,1.00
2017.05.31 08:02:22.084,1.71917,1.71948,1.37,1.12
2017.05.31 08:02:22.287,1.71917,1.71948,1.37,1.87
2017.05.31 08:02:22.767,1.71917,1.71949,1.37,1.50
2017.05.31 08:02:23.071,1.7192,1.71952,1.37,1.50
2017.05.31 08:02:23.321,1.7192,1.71952,1.37,1.12
2017.05.31 08:02:23.423,1.7192,1.7195,1.37,1.00
2017.05.31 08:02:24.117,1.71917,1.7195,2.62,1.50
2017.05.31 08:02:25.292,1.71917,1.7195,1.87,1.00
2017.05.31 08:02:25.875,1.71917,1.71949,1.87,1.00
2017.05.31 08:02:26.382,1.71921,1.71948,1.37,1.00
2017.05.31 08:02:26.433,1.71921,1.7195,1.37,1.00
2017.05.31 08:02:27.082,1.71921,1.71949,1.37,1.00
2017.05.31 08:02:27.846,1.71921,1.71949,1.12,1.00
2017.05.31 08:02:27.993,1.71921,1.71952,1.87,1.12
2017.05.31 08:02:28.043,1.71921,1.71953,2.21,1.50
2017.05.31 08:02:28.094,1.71921,1.71956,2.21,2.25
2017.05.31 08:02:28.652,1.71921,1.71954,2.59,1.00
2017.05.31 08:02:29.218,1.71924,1.71955,1.37,1.12
2017.05.31 08:02:30.569,1.71924,1.71955,1.37,1.12
2017.05.31 08:02:31.234,1.71924,1.71953,1.37,1.00
2017.05.31 08:02:31.539,1.71922,1.7195,1.37,1.00
2017.05.31 08:02:31.641,1.71919,1.7195,2.62,1.00
2017.05.31 08:02:32.184,1.71921,1.7195,1.37,1.00
2017.05.31 08:02:32.801,1.71919,1.71951,1.87,1.00
2017.05.31 08:02:33.317,1.71922,1.71952,1.37,1.50
2017.05.31 08:02:35.352,1.71922,1.7195,1.37,1.00
2017.05.31 08:02:36.767,1.71922,1.71952,1.37,1.00
2017.05.31 08:02:37.147,1.71923,1.71956,1.71,2.25
2017.05.31 08:02:37.249,1.71923,1.71958,3.34,1.00
2017.05.31 08:02:37.415,1.71923,1.71958,2.25,1.50
2017.05.31 08:02:37.877,1.71923,1.71958,1.75,1.00
2017.05.31 08:02:38.391,1.71923,1.71959,1.50,1.50
2017.05.31 08:02:39.272,1.71924,1.71959,1.87,1.50
2017.05.31 08:02:40.118,1.71924,1.71958,1.87,1.00
2017.05.31 08:02:40.648,1.71924,1.71959,1.37,1.50
2017.05.31 08:02:41.362,1.71923,1.71958,3.00,1.00
2017.05.31 08:02:41.928,1.71923,1.71958,3.00,1.00
2017.05.31 08:02:42.171,1.71923,1.71953,3.00,1.00
2017.05.31 08:02:43.010,1.71923,1.71954,1.87,1.00
2017.05.31 08:02:43.624,1.71925,1.71954,1.37,1.00
2017.05.31 08:02:44.161,1.71925,1.71954,1.37,1.00
2017.05.31 08:02:44.689,1.71926,1.71954,1.37,1.00
2017.05.31 08:02:47.219,1.71925,1.71953,1.37,1.00
2017.05.31 08:02:47.741,1.71923,1.71953,1.50,1.00
2017.05.31 08:02:50.859,1.71924,1.71953,1.37,1.00
2017.05.31 08:02:51.696,1.71924,1.71953,1.37,1.00
2017.05.31 08:02:52.340,1.71924,1.71953,1.37,1.00
2017.05.31 08:02:52.889,1.71926,1.71954,1.37,1.00
2017.05.31 08:02:53.811,1.71926,1.71954,1.37,1.00
2017.05.31 08:02:54.164,1.71926,1.71958,1.37,1.50
2017.05.31 08:02:54.722,1.71926,1.71958,1.37,1.50
2017.05.31 08:02:55.119,1.71926,1.71954,1.37,1.00
2017.05.31 08:02:55.354,1.71926,1.71959,1.37,2.25
2017.05.31 08:02:55.882,1.71926,1.71959,1.37,1.50
2017.05.31 08:02:55.933,1.71926,1.71954,1.37,1.00
2017.05.31 08:02:57.003,1.71926,1.71954,1.37,1.00
2017.05.31 08:02:57.728,1.71926,1.71954,1.37,1.00
2017.05.31 08:02:59.120,1.71926,1.71958,1.37,1.00
2017.05.31 08:02:59.917,1.71926,1.71953,1.37,1.00
2017.05.31 08:03:01.546,1.71926,1.71958,1.37,2.25
2017.05.31 08:03:01.917,1.71926,1.71953,1.37,1.00
2017.05.31 08:03:02.360,1.71926,1.71958,1.37,1.50
2017.05.31 08:03:02.925,1.71928,1.71958,1.37,1.50
2017.05.31 08:03:03.334,1.71928,1.71961,1.37,1.00
2017.05.31 08:03:03.822,1.71929,1.71963,1.37,2.62
2017.05.31 08:03:10.175,1.71929,1.71963,1.37,1.87
2017.05.31 08:03:10.226,1.71928,1.71959,1.87,1.00
2017.05.31 08:03:11.281,1.71928,1.71959,1.87,1.00
2017.05.31 08:03:13.071,1.71925,1.71953,1.37,1.50
2017.05.31 08:03:13.122,1.71925,1.71951,1.00,1.00
2017.05.31 08:03:13.173,1.71921,1.71951,1.75,1.00
2017.05.31 08:03:13.356,1.71921,1.71949,1.00,1.00
2017.05.31 08:03:18.633,1.71921,1.71949,1.37,1.50
2017.05.31 08:03:19.279,1.71921,1.71949,1.37,1.00
2017.05.31 08:03:19.864,1.71921,1.7195,1.37,1.00
2017.05.31 08:03:20.435,1.71921,1.71949,1.37,1.00
2017.05.31 08:03:20.486,1.71921,1.71952,1.37,1.50
2017.05.31 08:03:21.836,1.71921,1.71953,1.87,1.00
2017.05.31 08:03:21.887,1.71921,1.71953,2.25,1.00
2017.05.31 08:03:21.989,1.71922,1.71956,2.21,1.50
2017.05.31 08:03:22.962,1.71922,1.71955,2.21,1.00
2017.05.31 08:03:25.008,1.71923,1.71955,1.37,1.00
2017.05.31 08:03:25.680,1.71926,1.71955,1.12,1.00
2017.05.31 08:03:26.183,1.71923,1.71955,1.37,1.00
2017.05.31 08:03:27.523,1.71923,1.71956,1.37,1.00
2017.05.31 08:03:28.102,1.71923,1.71955,1.87,1.00
2017.05.31 08:03:28.643,1.71926,1.71956,1.37,1.50
2017.05.31 08:03:29.260,1.71923,1.71955,1.87,1.00
2017.05.31 08:03:29.567,1.71924,1.71955,1.37,1.09
2017.05.31 08:03:30.002,1.71928,1.71956,1.00,1.00
2017.05.31 08:03:30.315,1.71928,1.71956,1.37,1.00
2017.05.31 08:03:31.040,1.71928,1.71956,1.37,1.00
2017.05.31 08:03:32.341,1.71923,1.71958,2.25,1.00
2017.05.31 08:03:32.861,1.71924,1.71958,1.50,1.00
2017.05.31 08:03:33.510,1.71924,1.71958,1.50,1.00
2017.05.31 08:03:34.090,1.71925,1.71958,1.37,1.00
2017.05.31 08:03:36.150,1.71925,1.71958,1.37,1.50
2017.05.31 08:03:36.355,1.71928,1.71959,1.71,1.00
2017.05.31 08:03:36.834,1.71928,1.71954,1.50,1.00
2017.05.31 08:03:37.380,1.71928,1.71953,1.00,1.00
2017.05.31 08:03:39.421,1.71928,1.71957,1.12,1.09
2017.05.31 08:03:39.573,1.71923,1.71954,1.75,1.00
2017.05.31 08:03:40.211,1.71923,1.71954,2.62,1.00
2017.05.31 08:03:41.117,1.71923,1.71957,2.62,1.84
2017.05.31 08:03:42.135,1.71923,1.71957,2.62,1.09
2017.05.31 08:03:44.630,1.71923,1.71957,1.87,1.09
2017.05.31 08:03:45.213,1.71923,1.71957,1.87,1.00
2017.05.31 08:03:45.264,1.71923,1.71957,2.62,1.50
2017.05.31 08:03:45.467,1.71927,1.71959,1.37,2.25
2017.05.31 08:03:46.425,1.71927,1.71958,1.37,1.00
2017.05.31 08:03:47.073,1.71927,1.71958,1.37,1.00
2017.05.31 08:03:47.813,1.71927,1.71958,1.37,1.50
2017.05.31 08:03:49.943,1.71927,1.71958,1.37,1.50
2017.05.31 08:03:50.708,1.71927,1.71958,1.37,1.34
2017.05.31 08:03:50.968,1.71924,1.71954,1.37,1.00
2017.05.31 08:03:51.019,1.71924,1.71956,1.12,1.34
2017.05.31 08:03:51.122,1.71924,1.71953,1.00,1.50
2017.05.31 08:03:52.136,1.71922,1.71946,1.00,1.00
2017.05.31 08:03:52.238,1.71917,1.71946,1.12,1.00
2017.05.31 08:03:52.519,1.71917,1.71946,1.37,1.00
2017.05.31 08:03:52.931,1.71917,1.71946,1.71,1.00
2017.05.31 08:03:52.982,1.7192,1.71951,1.71,1.00
2017.05.31 08:03:53.033,1.71923,1.71951,1.37,1.00
2017.05.31 08:03:53.461,1.71923,1.71956,1.50,1.00
2017.05.31 08:03:54.083,1.71923,1.71955,1.50,1.00
2017.05.31 08:03:55.354,1.71923,1.71955,1.50,1.00
2017.05.31 08:03:56.093,1.71923,1.71955,1.37,1.50
2017.05.31 08:03:56.661,1.71924,1.71955,1.75,1.00
2017.05.31 08:03:57.741,1.71924,1.71955,1.75,1.50
2017.05.31 08:03:58.310,1.71925,1.71955,1.09,1.00
2017.05.31 08:03:59.359,1.71924,1.71955,1.84,1.00
2017.05.31 08:03:59.511,1.71925,1.71955,1.09,1.00
2017.05.31 08:03:59.562,1.71927,1.71958,1.37,1.50
2017.05.31 08:03:59.775,1.71927,1.71958,1.37,1.50
2017.05.31 08:04:00.012,1.71932,1.71962,2.96,1.75
2017.05.31 08:04:00.063,1.71933,1.71968,2.21,1.37
2017.05.31 08:04:00.115,1.71935,1.71968,1.71,1.37
2017.05.31 08:04:00.217,1.71936,1.7197,2.21,1.50
2017.05.31 08:04:00.268,1.71937,1.71968,1.71,1.00
2017.05.31 08:04:00.319,1.71941,1.71972,1.37,1.00
2017.05.31 08:04:00.370,1.71941,1.7197,1.71,1.00
2017.05.31 08:04:00.675,1.71941,1.71972,1.71,1.00
2017.05.31 08:04:00.827,1.71942,1.71974,1.71,1.50
2017.05.31 08:04:01.513,1.71943,1.71973,1.37,1.00
2017.05.31 08:04:01.665,1.71943,1.71975,1.71,1.00
2017.05.31 08:04:01.767,1.71942,1.71973,1.46,1.00
2017.05.31 08:04:02.274,1.71942,1.71973,1.71,1.00
2017.05.31 08:04:03.528,1.71942,1.71973,1.87,1.00
2017.05.31 08:04:03.979,1.71942,1.71973,1.37,1.50
2017.05.31 08:04:04.610,1.71942,1.71973,1.37,1.09
2017.05.31 08:04:04.882,1.71942,1.71973,1.84,1.00
2017.05.31 08:04:04.934,1.71942,1.71974,1.50,1.34
2017.05.31 08:04:04.985,1.71944,1.71974,1.12,1.34
2017.05.31 08:04:05.239,1.7194,1.71974,2.59,1.50
2017.05.31 08:04:05.388,1.71938,1.71974,2.96,1.34
2017.05.31 08:04:05.887,1.7194,1.71973,1.37,1.00
2017.05.31 08:04:06.039,1.71941,1.71977,1.37,1.34
2017.05.31 08:04:06.141,1.71941,1.71977,4.84,1.50
2017.05.31 08:04:06.243,1.71943,1.71977,1.09,1.00
2017.05.31 08:04:06.444,1.71941,1.71968,1.37,1.00
2017.05.31 08:04:06.495,1.71936,1.71968,1.12,2.59
2017.05.31 08:04:06.749,1.71936,1.71969,1.50,1.84
2017.05.31 08:04:06.850,1.71935,1.71968,1.75,1.34
2017.05.31 08:04:07.206,1.71937,1.71967,1.37,1.00
2017.05.31 08:04:07.257,1.71937,1.71967,1.37,1.00
2017.05.31 08:04:07.359,1.71937,1.71967,1.37,1.00
2017.05.31 08:04:07.460,1.71937,1.71967,1.37,1.09
2017.05.31 08:04:07.996,1.71937,1.71967,1.37,1.34
2017.05.31 08:04:08.512,1.71937,1.71967,1.37,1.34
2017.05.31 08:04:08.563,1.71942,1.71967,1.00,1.34
2017.05.31 08:04:08.614,1.71942,1.71972,1.87,1.12
2017.05.31 08:04:08.716,1.71946,1.71968,1.00,1.84
2017.05.31 08:04:08.767,1.71946,1.71969,1.00,1.34
2017.05.31 08:04:08.818,1.71936,1.71969,1.50,1.34
2017.05.31 08:04:08.869,1.71936,1.71962,1.12,1.84
2017.05.31 08:04:08.920,1.71932,1.71962,1.00,1.84
2017.05.31 08:04:09.199,1.71927,1.71961,2.62,1.34
2017.05.31 08:04:09.304,1.71927,1.71959,2.25,1.34
2017.05.31 08:04:09.558,1.71928,1.71961,1.37,1.09
2017.05.31 08:04:10.106,1.71928,1.71961,1.37,1.34
2017.05.31 08:04:10.360,1.71929,1.71964,2.62,1.34
2017.05.31 08:04:10.671,1.71928,1.71962,2.62,1.09
2017.05.31 08:04:11.192,1.71933,1.71963,3.34,1.00
2017.05.31 08:04:11.294,1.71933,1.71963,2.21,1.00
2017.05.31 08:04:11.345,1.71933,1.71964,1.12,1.00
2017.05.31 08:04:11.969,1.7193,1.71963,1.09,1.00
2017.05.31 08:04:12.020,1.71929,1.71963,1.87,1.09
2017.05.31 08:04:12.394,1.71929,1.71963,1.37,1.34
2017.05.31 08:04:13.005,1.7193,1.71963,1.37,1.84
2017.05.31 08:04:13.382,1.71928,1.71962,2.25,1.46
2017.05.31 08:04:13.434,1.71922,1.71953,1.37,1.34
2017.05.31 08:04:13.486,1.71922,1.71952,1.12,1.84
2017.05.31 08:04:13.537,1.71922,1.71952,1.37,1.87
2017.05.31 08:04:13.588,1.71917,1.71952,1.87,2.62
2017.05.31 08:04:13.942,1.71917,1.71952,2.59,1.50
2017.05.31 08:04:14.414,1.71919,1.7195,1.37,1.00
2017.05.31 08:04:14.465,1.71921,1.71953,1.71,1.75
2017.05.31 08:04:14.720,1.71923,1.71958,1.50,3.34
2017.05.31 08:04:15.014,1.71922,1.71958,2.25,3.34
2017.05.31 08:04:15.065,1.71922,1.71958,1.87,2.59
2017.05.31 08:04:15.591,1.71921,1.71954,3.75,1.00
2017.05.31 08:04:16.363,1.71921,1.71954,3.75,1.00
2017.05.31 08:04:16.414,1.71921,1.71957,3.75,2.21
2017.05.31 08:04:17.085,1.71921,1.71958,2.25,2.59
2017.05.31 08:04:17.810,1.71923,1.71958,1.37,4.09
2017.05.31 08:04:17.962,1.71921,1.71955,1.37,1.84
2017.05.31 08:04:18.013,1.71921,1.71947,1.00,1.00
2017.05.31 08:04:18.064,1.71918,1.71946,1.37,1.00
2017.05.31 08:04:18.223,1.71914,1.71943,1.12,1.00
2017.05.31 08:04:18.274,1.71909,1.71942,1.37,1.34
2017.05.31 08:04:18.477,1.7191,1.71943,1.37,1.00
2017.05.31 08:04:18.528,1.71909,1.71941,1.37,1.00
2017.05.31 08:04:18.832,1.71908,1.71942,1.50,1.12
2017.05.31 08:04:19.530,1.71911,1.71941,1.37,1.00
2017.05.31 08:04:20.100,1.7191,1.71942,1.37,1.12
2017.05.31 08:04:20.422,1.71908,1.71936,1.00,1.34
2017.05.31 08:04:20.474,1.71904,1.71937,1.00,1.34
2017.05.31 08:04:20.526,1.71904,1.71932,1.00,1.00
2017.05.31 08:04:20.628,1.71902,1.71937,1.87,1.34
2017.05.31 08:04:20.730,1.71903,1.71938,1.37,1.46
2017.05.31 08:04:21.040,1.71908,1.71939,1.37,1.00
2017.05.31 08:04:21.419,1.71908,1.71942,1.87,1.00
2017.05.31 08:04:21.521,1.71907,1.71942,3.00,1.34
2017.05.31 08:04:21.572,1.71907,1.71943,1.75,1.84
2017.05.31 08:04:21.623,1.71908,1.71942,1.87,1.34
2017.05.31 08:04:21.927,1.71907,1.71944,3.00,2.25
2017.05.31 08:04:22.411,1.71909,1.71942,1.37,1.34
2017.05.31 08:04:22.462,1.71907,1.7194,1.87,1.34
2017.05.31 08:04:22.513,1.71906,1.71935,1.12,1.09
2017.05.31 08:04:22.564,1.71906,1.71939,1.37,2.59
2017.05.31 08:04:22.615,1.71902,1.71933,2.62,1.09
2017.05.31 08:04:22.666,1.71902,1.71933,1.87,1.00
2017.05.31 08:04:22.869,1.71902,1.71935,1.37,1.12
2017.05.31 08:04:23.021,1.71906,1.7194,1.37,1.09
2017.05.31 08:04:23.173,1.71906,1.71942,1.37,1.00
2017.05.31 08:04:24.034,1.71907,1.71942,1.37,1.00
2017.05.31 08:04:24.349,1.71906,1.7194,1.37,1.00
2017.05.31 08:04:24.989,1.71906,1.71941,1.37,1.00
2017.05.31 08:04:25.294,1.71906,1.71941,1.37,1.84
2017.05.31 08:04:25.607,1.71904,1.71938,1.12,1.84
2017.05.31 08:04:25.913,1.71901,1.71937,4.12,1.84
2017.05.31 08:04:26.466,1.71901,1.71932,1.87,1.09
2017.05.31 08:04:26.517,1.71901,1.71932,1.87,1.09
2017.05.31 08:04:26.634,1.71901,1.71932,1.87,1.34
2017.05.31 08:04:26.736,1.71897,1.71931,3.75,1.34
2017.05.31 08:04:26.941,1.71895,1.71925,1.37,1.09
2017.05.31 08:04:26.992,1.71894,1.71924,1.87,1.00
2017.05.31 08:04:27.043,1.71893,1.71924,1.37,1.34
2017.05.31 08:04:27.347,1.71892,1.71925,1.37,1.46
2017.05.31 08:04:27.659,1.71892,1.71925,1.37,1.46
2017.05.31 08:04:27.761,1.71892,1.71925,1.37,1.46
2017.05.31 08:04:28.089,1.71892,1.71925,1.37,1.46
2017.05.31 08:04:28.297,1.71896,1.71925,1.37,1.46
2017.05.31 08:04:28.512,1.71896,1.71925,1.37,1.46
2017.05.31 08:04:28.925,1.71891,1.71925,1.37,1.46
2017.05.31 08:04:29.077,1.71891,1.71924,1.37,1.34
2017.05.31 08:04:29.602,1.71892,1.71924,1.37,1.34
2017.05.31 08:04:30.115,1.71892,1.71923,1.37,1.34
2017.05.31 08:04:30.217,1.71892,1.71922,1.37,1.00
2017.05.31 08:04:30.319,1.71889,1.71923,1.50,1.09
2017.05.31 08:04:31.409,1.71889,1.71922,1.75,1.00
2017.05.31 08:04:32.116,1.71889,1.71922,3.37,1.00
2017.05.31 08:04:32.827,1.71889,1.71922,4.12,1.34
2017.05.31 08:04:33.237,1.71889,1.71921,3.37,1.34
2017.05.31 08:04:34.451,1.71889,1.71921,1.50,1.34
2017.05.31 08:04:34.731,1.71888,1.71921,1.50,1.34
2017.05.31 08:04:34.899,1.71888,1.71921,1.50,1.34
2017.05.31 08:04:36.060,1.71887,1.71922,1.50,1.34
2017.05.31 08:04:36.675,1.71887,1.71922,1.50,1.34
2017.05.31 08:04:36.980,1.71892,1.71922,1.00,1.34
2017.05.31 08:04:38.606,1.71892,1.71924,1.00,2.59
2017.05.31 08:04:38.657,1.71888,1.71921,1.12,1.34
2017.05.31 08:04:38.759,1.71891,1.71921,1.00,1.00
2017.05.31 08:04:39.261,1.71891,1.7192,1.00,1.00
2017.05.31 08:04:39.977,1.71891,1.71921,1.00,1.00
2017.05.31 08:04:40.559,1.71891,1.7192,1.00,1.00
2017.05.31 08:04:40.662,1.71891,1.71924,1.12,1.00
2017.05.31 08:04:40.765,1.71893,1.71924,1.00,1.00
2017.05.31 08:04:40.968,1.71897,1.71931,1.00,1.50
2017.05.31 08:04:41.019,1.71902,1.71931,1.00,1.00
2017.05.31 08:04:41.259,1.71902,1.71934,1.00,1.00
2017.05.31 08:04:41.844,1.71902,1.71935,1.00,1.00
2017.05.31 08:04:42.013,1.719,1.71933,1.00,1.00
2017.05.31 08:04:42.216,1.71897,1.71933,1.87,1.00
2017.05.31 08:04:42.854,1.71897,1.71933,3.37,1.00
2017.05.31 08:04:45.616,1.71897,1.71933,6.37,1.00
2017.05.31 08:04:45.667,1.71902,1.71933,1.00,1.00
2017.05.31 08:04:45.870,1.71902,1.71935,1.00,1.00
2017.05.31 08:04:45.921,1.71899,1.71935,1.50,1.00
2017.05.31 08:04:46.023,1.71901,1.71936,1.00,1.50
2017.05.31 08:04:46.611,1.71901,1.71935,1.12,1.00
2017.05.31 08:04:47.161,1.71902,1.71935,1.00,1.00
2017.05.31 08:04:47.494,1.71902,1.71931,1.00,1.00
2017.05.31 08:04:47.647,1.71897,1.71928,1.50,1.00
2017.05.31 08:04:48.334,1.71897,1.71927,1.00,1.00
2017.05.31 08:04:48.933,1.71897,1.71928,1.00,1.00
2017.05.31 08:04:50.024,1.71896,1.7193,1.00,1.50
2017.05.31 08:04:52.142,1.71896,1.7193,1.00,2.59
2017.05.31 08:04:52.526,1.71896,1.71925,1.00,1.00
2017.05.31 08:04:53.104,1.71896,1.71924,1.00,1.00
2017.05.31 08:04:53.408,1.71901,1.7193,1.00,1.00
2017.05.31 08:04:53.601,1.71901,1.71934,1.00,1.00
2017.05.31 08:04:54.369,1.71901,1.71934,1.00,1.84
2017.05.31 08:04:55.544,1.71901,1.71934,1.00,1.00
2017.05.31 08:04:56.050,1.71901,1.71933,1.12,1.00
2017.05.31 08:04:56.371,1.71901,1.71935,1.12,1.00
2017.05.31 08:04:56.885,1.71901,1.71934,1.12,1.00
2017.05.31 08:04:57.964,1.71901,1.71933,1.12,1.00
2017.05.31 08:04:58.488,1.71902,1.71934,1.00,1.00
2017.05.31 08:04:58.914,1.71899,1.71933,1.50,1.00
2017.05.31 08:04:59.117,1.71896,1.71922,1.00,1.00
2017.05.31 08:04:59.168,1.71892,1.71922,1.87,1.00
2017.05.31 08:04:59.220,1.7189,1.71917,1.00,1.00
2017.05.31 08:04:59.322,1.71884,1.71917,2.62,1.00
2017.05.31 08:04:59.373,1.71884,1.71916,4.87,1.37
2017.05.31 08:05:00.170,1.71886,1.71915,1.37,1.00
2017.05.31 08:05:00.516,1.71887,1.71915,1.37,1.00
2017.05.31 08:05:00.821,1.71888,1.71915,2.25,1.00
2017.05.31 08:05:01.515,1.71887,1.71915,1.87,1.00
2017.05.31 08:05:03.211,1.71889,1.71915,1.37,1.00
2017.05.31 08:05:04.151,1.71889,1.71915,1.37,1.00
2017.05.31 08:05:04.202,1.71887,1.71915,1.87,1.00
2017.05.31 08:05:05.912,1.71889,1.71919,1.37,1.87
2017.05.31 08:05:06.013,1.71889,1.7192,1.37,1.00
2017.05.31 08:05:06.553,1.71891,1.71919,1.87,1.00
2017.05.31 08:05:07.636,1.71891,1.7192,1.87,1.00
2017.05.31 08:05:07.833,1.71891,1.71924,1.87,1.12
2017.05.31 08:05:07.885,1.71892,1.71926,3.00,1.37
2017.05.31 08:05:07.936,1.71892,1.71926,1.37,1.00
2017.05.31 08:05:08.459,1.71893,1.71927,1.50,1.50
2017.05.31 08:05:09.182,1.71896,1.71927,1.37,1.50
2017.05.31 08:05:09.334,1.71896,1.71928,1.37,1.00
2017.05.31 08:05:09.881,1.71896,1.71928,1.37,1.00
2017.05.31 08:05:10.820,1.71896,1.71921,1.37,1.00
2017.05.31 08:05:10.871,1.71891,1.71922,2.25,1.84
2017.05.31 08:05:10.923,1.71889,1.71918,1.37,1.00
2017.05.31 08:05:11.119,1.71889,1.71919,1.12,1.37
2017.05.31 08:05:11.771,1.71889,1.71919,1.37,1.37
2017.05.31 08:05:12.680,1.71889,1.71918,1.37,1.12
2017.05.31 08:05:13.962,1.71891,1.71919,1.00,1.00
2017.05.31 08:05:14.472,1.71886,1.71919,1.37,1.50
2017.05.31 08:05:16.084,1.71887,1.71917,1.37,1.00
2017.05.31 08:05:17.274,1.71886,1.71917,1.37,1.00
2017.05.31 08:05:17.782,1.71892,1.71918,1.12,1.00
2017.05.31 08:05:18.090,1.71882,1.71909,1.50,1.00
2017.05.31 08:05:18.962,1.71882,1.71904,2.62,1.00
2017.05.31 08:05:19.013,1.71881,1.71904,2.25,1.00
2017.05.31 08:05:19.115,1.71881,1.71908,1.87,1.00
2017.05.31 08:05:19.565,1.71881,1.71909,2.25,1.00
2017.05.31 08:05:20.098,1.71882,1.71909,2.25,1.00
2017.05.31 08:05:20.199,1.71883,1.71913,1.09,1.00
2017.05.31 08:05:20.711,1.71885,1.71914,1.37,1.00
2017.05.31 08:05:21.464,1.71885,1.71914,1.37,1.00
2017.05.31 08:05:21.774,1.71881,1.71913,3.00,1.00
2017.05.31 08:05:22.616,1.71882,1.71913,1.37,1.00
2017.05.31 08:05:23.726,1.71882,1.71917,1.37,1.34
2017.05.31 08:05:24.717,1.71882,1.71915,1.37,1.34
2017.05.31 08:05:25.453,1.71882,1.71915,1.37,1.00
2017.05.31 08:05:27.005,1.71882,1.71915,1.50,1.00
2017.05.31 08:05:27.677,1.71882,1.71917,1.50,1.34
2017.05.31 08:05:28.440,1.71882,1.71917,2.25,1.34
2017.05.31 08:05:28.744,1.71883,1.71914,1.37,1.00
2017.05.31 08:05:29.319,1.71883,1.71914,1.37,1.00
2017.05.31 08:05:29.661,1.71883,1.71908,1.37,1.00
2017.05.31 08:05:30.163,1.71884,1.71908,1.37,1.00
2017.05.31 08:05:30.994,1.71883,1.71909,1.50,1.00
2017.05.31 08:05:31.149,1.71883,1.71903,1.00,1.00
2017.05.31 08:05:31.651,1.71875,1.71904,1.75,1.09
2017.05.31 08:05:32.443,1.71875,1.71904,1.75,1.34
2017.05.31 08:05:32.645,1.71875,1.71904,1.50,1.34
2017.05.31 08:05:32.696,1.71875,1.71904,1.50,1.34
2017.05.31 08:05:33.120,1.71875,1.71898,1.50,1.00
2017.05.31 08:05:33.325,1.71871,1.71893,1.12,1.09
2017.05.31 08:05:33.377,1.71865,1.71894,2.25,1.00
2017.05.31 08:05:33.428,1.71866,1.71894,2.25,1.00
2017.05.31 08:05:33.741,1.71867,1.71899,4.12,1.00
2017.05.31 08:05:34.271,1.71868,1.71903,3.75,1.00
2017.05.31 08:05:34.667,1.71869,1.71899,2.25,1.00
2017.05.31 08:05:34.835,1.71871,1.71904,1.84,1.00
2017.05.31 08:05:34.886,1.71875,1.71904,2.25,1.00
2017.05.31 08:05:34.938,1.71876,1.71908,2.25,1.00
2017.05.31 08:05:34.989,1.71874,1.71908,3.00,1.00
2017.05.31 08:05:35.191,1.71874,1.71905,2.25,1.00
2017.05.31 08:05:35.534,1.71874,1.71904,1.12,1.00
2017.05.31 08:05:35.636,1.71873,1.71898,1.75,1.09
2017.05.31 08:05:35.941,1.71863,1.71897,1.87,1.34
2017.05.31 08:05:36.422,1.71863,1.71897,1.87,1.34
2017.05.31 08:05:36.855,1.71863,1.71897,1.87,1.84
2017.05.31 08:05:37.007,1.71863,1.71897,3.00,1.50
2017.05.31 08:05:37.058,1.71865,1.71897,2.25,1.00
2017.05.31 08:05:37.211,1.71866,1.71899,2.59,1.50
2017.05.31 08:05:37.475,1.71873,1.71902,2.25,1.12
2017.05.31 08:05:38.054,1.71872,1.71903,2.96,1.00
2017.05.31 08:05:38.560,1.71873,1.71904,1.37,1.50
2017.05.31 08:05:38.863,1.71872,1.71901,1.75,1.34
2017.05.31 08:05:39.116,1.71863,1.71894,1.75,1.00
2017.05.31 08:05:39.167,1.71863,1.71894,1.12,2.59
2017.05.31 08:05:39.319,1.71863,1.71894,1.12,1.34
2017.05.31 08:05:39.572,1.71863,1.71894,1.12,3.34
2017.05.31 08:05:39.724,1.71862,1.71894,1.37,1.34
2017.05.31 08:05:39.775,1.71861,1.71894,1.37,1.84
2017.05.31 08:05:39.826,1.71862,1.71894,1.37,1.50
2017.05.31 08:05:40.176,1.71863,1.71893,1.37,1.00
2017.05.31 08:05:40.556,1.71864,1.71893,2.25,1.00
2017.05.31 08:05:40.607,1.71862,1.71893,1.37,1.00
2017.05.31 08:05:40.810,1.71862,1.71893,1.37,1.34
2017.05.31 08:05:41.358,1.71862,1.71893,1.37,1.00
2017.05.31 08:05:42.494,1.71862,1.71893,1.37,1.34
2017.05.31 08:05:42.747,1.71861,1.71893,3.34,1.00
2017.05.31 08:05:42.899,1.71863,1.71893,2.25,1.00
2017.05.31 08:05:43.203,1.71865,1.71893,2.59,1.00
2017.05.31 08:05:43.433,1.71867,1.71899,2.59,1.00
2017.05.31 08:05:43.484,1.71872,1.719,2.59,1.00
2017.05.31 08:05:43.535,1.71871,1.71903,1.71,1.37
2017.05.31 08:05:43.586,1.71874,1.71906,3.34,1.75
2017.05.31 08:05:43.688,1.71877,1.71907,2.59,1.00
2017.05.31 08:05:43.740,1.71877,1.71906,2.59,1.00
2017.05.31 08:05:43.842,1.71875,1.71908,1.09,1.00
2017.05.31 08:05:43.998,1.71876,1.71908,2.59,1.00
2017.05.31 08:05:44.671,1.71875,1.71908,2.96,1.50
2017.05.31 08:05:45.312,1.71876,1.71907,2.59,1.00
2017.05.31 08:05:45.901,1.71876,1.71908,2.59,1.00
2017.05.31 08:05:46.054,1.71871,1.71904,1.37,1.34
2017.05.31 08:05:46.105,1.71871,1.71904,3.00,1.09
2017.05.31 08:05:46.410,1.71872,1.71902,2.25,1.09
2017.05.31 08:05:46.941,1.71871,1.71903,3.00,1.50
2017.05.31 08:05:47.042,1.71871,1.71903,1.37,1.50
2017.05.31 08:05:47.588,1.71871,1.71903,1.37,1.00
2017.05.31 08:05:49.365,1.71871,1.71905,1.37,1.00
2017.05.31 08:05:49.537,1.71881,1.71909,1.71,1.00
2017.05.31 08:05:49.588,1.71881,1.71911,1.71,1.00
2017.05.31 08:05:49.690,1.71881,1.71913,1.37,1.50
2017.05.31 08:05:49.741,1.71879,1.71914,2.25,1.84
2017.05.31 08:05:49.792,1.71879,1.71914,2.25,1.84
2017.05.31 08:05:49.893,1.71879,1.71914,1.37,2.21
2017.05.31 08:05:50.197,1.7188,1.71914,1.37,1.12
2017.05.31 08:05:50.501,1.71884,1.71919,1.37,1.75
2017.05.31 08:05:50.603,1.71884,1.71919,1.71,1.50
2017.05.31 08:05:50.704,1.71885,1.71919,1.87,1.34
2017.05.31 08:05:50.962,1.71882,1.71914,1.87,1.00
2017.05.31 08:05:51.484,1.71882,1.71913,1.37,1.00
2017.05.31 08:05:51.737,1.71882,1.71913,1.37,1.00
2017.05.31 08:05:52.268,1.71882,1.71914,1.37,1.00
2017.05.31 08:05:53.231,1.71882,1.71914,1.37,1.00
2017.05.31 08:05:53.710,1.71882,1.71909,1.37,1.00
2017.05.31 08:05:53.915,1.71882,1.71913,2.96,1.50
2017.05.31 08:05:54.017,1.71881,1.71909,1.71,1.00
2017.05.31 08:05:54.068,1.71883,1.71909,1.46,1.00
2017.05.31 08:05:54.589,1.71874,1.71904,1.37,1.00
2017.05.31 08:05:55.097,1.71873,1.71903,1.37,1.00
2017.05.31 08:05:55.637,1.71873,1.71904,1.37,1.00
2017.05.31 08:05:56.169,1.71874,1.71903,1.37,1.00
2017.05.31 08:05:56.819,1.71874,1.71908,1.71,1.00
2017.05.31 08:05:56.870,1.71874,1.71908,1.71,1.00
2017.05.31 08:05:58.161,1.71876,1.71908,1.37,1.00
2017.05.31 08:05:59.695,1.71876,1.71908,1.71,1.00
2017.05.31 08:06:00.000,1.71882,1.71909,1.87,1.00
2017.05.31 08:06:00.103,1.71884,1.71914,1.37,1.00
2017.05.31 08:06:00.640,1.71881,1.71913,4.12,1.00
2017.05.31 08:06:01.228,1.71881,1.71913,4.12,1.00
2017.05.31 08:06:01.442,1.71881,1.71913,2.25,1.00
2017.05.31 08:06:01.965,1.71881,1.71914,3.00,1.50
2017.05.31 08:06:02.168,1.71881,1.71908,1.87,1.00
2017.05.31 08:06:02.219,1.71881,1.71908,1.37,1.00
2017.05.31 08:06:02.321,1.71877,1.71908,2.25,1.00
2017.05.31 08:06:02.625,1.71877,1.71903,2.25,1.00
2017.05.31 08:06:02.929,1.71858,1.71888,1.37,1.00
2017.05.31 08:06:02.981,1.71858,1.71888,1.37,1.00
2017.05.31 08:06:03.093,1.71858,1.71891,1.87,1.00
2017.05.31 08:06:03.780,1.71858,1.7189,2.62,1.00
2017.05.31 08:06:03.831,1.71858,1.71893,2.62,2.25
2017.05.31 08:06:03.984,1.71864,1.71895,1.37,1.37
2017.05.31 08:06:04.136,1.71866,1.71898,1.37,1.00
2017.05.31 08:06:04.559,1.71867,1.71898,1.37,1.00
2017.05.31 08:06:04.863,1.71866,1.71898,1.37,1.50
2017.05.31 08:06:04.915,1.71866,1.71894,1.12,1.00
2017.05.31 08:06:05.220,1.71863,1.71896,1.87,1.00
2017.05.31 08:06:05.373,1.71863,1.71898,1.50,2.59
2017.05.31 08:06:05.424,1.71866,1.71898,1.37,1.84
2017.05.31 08:06:05.475,1.71866,1.71898,1.37,1.84
2017.05.31 08:06:06.126,1.71866,1.71897,1.37,1.09
2017.05.31 08:06:06.358,1.71866,1.71894,1.37,1.00
2017.05.31 08:06:06.935,1.71866,1.71894,1.12,1.00
2017.05.31 08:06:07.407,1.71866,1.71893,1.37,1.00
2017.05.31 08:06:07.508,1.71866,1.71893,1.12,1.09
2017.05.31 08:06:07.881,1.71866,1.71893,1.37,1.09
2017.05.31 08:06:08.033,1.71862,1.71893,1.50,1.00
2017.05.31 08:06:08.571,1.71862,1.71894,1.50,1.09
2017.05.31 08:06:09.227,1.71862,1.71895,1.50,1.00
2017.05.31 08:06:09.278,1.71864,1.71897,1.37,1.00
2017.05.31 08:06:09.329,1.71866,1.71893,1.37,1.00
2017.05.31 08:06:09.935,1.71864,1.71893,1.50,1.00
2017.05.31 08:06:10.038,1.71862,1.71893,1.00,1.09
2017.05.31 08:06:10.089,1.71862,1.71893,1.37,2.59
2017.05.31 08:06:10.191,1.71862,1.71894,1.00,1.00
2017.05.31 08:06:10.242,1.71864,1.71895,1.37,1.00
2017.05.31 08:06:10.750,1.71865,1.71897,1.12,1.09
2017.05.31 08:06:11.127,1.71864,1.71898,1.87,1.09
2017.05.31 08:06:11.449,1.71864,1.71898,1.87,1.84
2017.05.31 08:06:11.999,1.71861,1.71895,2.62,1.34
2017.05.31 08:06:12.152,1.71865,1.71897,1.37,1.09
2017.05.31 08:06:12.358,1.71865,1.71897,1.37,1.00
2017.05.31 08:06:12.662,1.71872,1.71903,1.87,1.00
2017.05.31 08:06:12.713,1.71872,1.719,1.12,1.00
2017.05.31 08:06:12.815,1.71867,1.71898,1.37,1.00
2017.05.31 08:06:13.150,1.71863,1.71897,1.37,1.46
2017.05.31 08:06:13.593,1.71863,1.71896,1.37,1.34
2017.05.31 08:06:13.644,1.71862,1.71897,1.37,2.21
2017.05.31 08:06:14.371,1.71862,1.71896,1.37,1.00
2017.05.31 08:06:14.625,1.71866,1.71897,1.12,2.21
2017.05.31 08:06:15.046,1.71863,1.71897,1.87,1.12
2017.05.31 08:06:15.434,1.71865,1.71898,2.25,2.62
2017.05.31 08:06:15.485,1.71863,1.71898,1.87,1.87
2017.05.31 08:06:16.355,1.71863,1.71897,1.37,2.96
2017.05.31 08:06:16.405,1.71863,1.71894,1.37,1.09
2017.05.31 08:06:16.456,1.71863,1.71893,1.12,1.34
2017.05.31 08:06:16.508,1.71863,1.71893,1.37,1.71
2017.05.31 08:06:17.222,1.71861,1.71893,1.37,1.84
2017.05.31 08:06:17.679,1.71861,1.7189,1.37,1.00
2017.05.31 08:06:17.915,1.71859,1.71892,1.37,1.71
2017.05.31 08:06:17.966,1.71859,1.71891,1.37,1.46
2017.05.31 08:06:18.507,1.71859,1.71888,1.37,1.09
2017.05.31 08:06:18.765,1.71859,1.7189,1.37,2.25
2017.05.31 08:06:18.917,1.71859,1.71889,1.37,1.37
2017.05.31 08:06:19.710,1.71859,1.71889,1.37,1.50
2017.05.31 08:06:19.913,1.71857,1.7189,1.37,1.50
2017.05.31 08:06:20.014,1.71857,1.7189,1.37,1.87
2017.05.31 08:06:20.520,1.71857,1.71889,1.87,1.50
2017.05.31 08:06:20.723,1.71862,1.71894,1.37,1.50
2017.05.31 08:06:20.825,1.71864,1.71897,3.00,1.00
2017.05.31 08:06:21.009,1.71868,1.71897,1.12,1.34
2017.05.31 08:06:21.060,1.71863,1.71894,1.37,1.50
2017.05.31 08:06:21.111,1.71863,1.71894,1.37,2.62
2017.05.31 08:06:21.422,1.71863,1.71892,1.12,1.50
2017.05.31 08:06:21.625,1.71862,1.71892,1.37,1.50
2017.05.31 08:06:22.365,1.71862,1.71892,1.37,1.00
2017.05.31 08:06:22.669,1.71862,1.71894,1.37,1.50
2017.05.31 08:06:23.275,1.71862,1.71894,1.37,2.25
2017.05.31 08:06:23.836,1.71862,1.71893,1.37,1.00
2017.05.31 08:06:23.938,1.71862,1.71894,1.37,1.50
2017.05.31 08:06:24.040,1.71865,1.71894,1.37,1.50
2017.05.31 08:06:24.254,1.71862,1.71894,1.37,1.00
2017.05.31 08:06:24.772,1.71862,1.71896,1.37,2.25
2017.05.31 08:06:24.823,1.71872,1.71896,1.00,1.50
2017.05.31 08:06:25.127,1.71886,1.71908,1.37,1.37
2017.05.31 08:06:25.354,1.71892,1.71927,1.75,1.67
2017.05.31 08:06:25.455,1.71894,1.71925,1.87,1.00
2017.05.31 08:06:25.873,1.71896,1.71924,1.37,1.00
2017.05.31 08:06:25.925,1.71891,1.71919,1.75,1.50
2017.05.31 08:06:25.976,1.71887,1.71915,1.12,1.00
2017.05.31 08:06:26.027,1.71887,1.71912,1.00,1.00
2017.05.31 08:06:26.537,1.71886,1.71912,1.00,1.00
2017.05.31 08:06:27.140,1.71883,1.71912,1.37,1.00
2017.05.31 08:06:27.542,1.71883,1.71913,1.37,1.00
2017.05.31 08:06:27.948,1.71883,1.71911,1.37,1.00
2017.05.31 08:06:28.283,1.71876,1.71897,1.00,2.25
2017.05.31 08:06:28.486,1.7187,1.71896,1.37,1.12
2017.05.31 08:06:28.932,1.7187,1.71897,1.37,1.37
2017.05.31 08:06:29.254,1.71875,1.71905,1.37,1.37
2017.05.31 08:06:29.305,1.71875,1.71907,1.37,1.00
2017.05.31 08:06:29.457,1.71875,1.71908,4.50,1.50
2017.05.31 08:06:29.609,1.71877,1.71908,1.37,1.00
2017.05.31 08:06:30.116,1.71875,1.71906,1.37,1.00
2017.05.31 08:06:31.342,1.71875,1.71904,1.37,1.00
2017.05.31 08:06:31.688,1.71875,1.71906,1.37,1.09
2017.05.31 08:06:32.617,1.71875,1.71904,1.37,1.00
2017.05.31 08:06:33.142,1.71875,1.71904,1.37,1.00
2017.05.31 08:06:33.870,1.71875,1.71904,1.37,1.00
2017.05.31 08:06:35.277,1.71875,1.71904,1.37,1.00
2017.05.31 08:06:36.365,1.71875,1.71904,1.37,1.00
2017.05.31 08:06:36.883,1.71875,1.71904,1.37,1.00
2017.05.31 08:06:37.015,1.71871,1.71899,1.50,1.34
2017.05.31 08:06:37.174,1.71867,1.71894,1.37,1.00
2017.05.31 08:06:37.462,1.71867,1.71897,1.37,1.50
2017.05.31 08:06:37.963,1.71867,1.71896,1.37,1.00
2017.05.31 08:06:38.520,1.71867,1.71897,1.37,1.50
2017.05.31 08:06:38.950,1.71867,1.71896,1.37,1.00
2017.05.31 08:06:39.153,1.71867,1.71899,3.00,1.12
2017.05.31 08:06:39.357,1.71877,1.71904,1.37,1.00
2017.05.31 08:06:39.408,1.71878,1.71904,2.25,1.00
2017.05.31 08:06:39.459,1.7188,1.71911,1.87,1.75
2017.05.31 08:06:39.562,1.71883,1.71914,1.37,1.00
2017.05.31 08:06:39.770,1.71882,1.71914,1.87,1.00
2017.05.31 08:06:39.822,1.7188,1.71908,2.62,1.00
2017.05.31 08:06:40.840,1.71882,1.71908,1.37,1.00
2017.05.31 08:06:42.016,1.71882,1.71908,1.37,1.00
2017.05.31 08:06:42.544,1.71882,1.71914,1.37,2.25
2017.05.31 08:06:42.595,1.71882,1.71914,1.37,3.00
2017.05.31 08:06:43.138,1.71882,1.71913,1.37,1.00
2017.05.31 08:06:43.818,1.71882,1.71913,1.37,1.00
2017.05.31 08:06:44.231,1.71882,1.71909,1.37,1.00
2017.05.31 08:06:44.503,1.71882,1.71913,1.37,1.00
2017.05.31 08:06:45.009,1.71885,1.71913,1.37,1.00
2017.05.31 08:06:45.330,1.71882,1.71914,4.84,1.00
2017.05.31 08:06:45.381,1.71884,1.71918,1.46,3.00
2017.05.31 08:06:45.685,1.71886,1.71914,1.37,1.00
2017.05.31 08:06:46.259,1.71887,1.71914,1.37,1.00
2017.05.31 08:06:46.935,1.71887,1.71914,1.37,1.00
2017.05.31 08:06:47.138,1.71887,1.71918,1.37,1.50
2017.05.31 08:06:47.240,1.71887,1.71918,3.75,1.00
2017.05.31 08:06:47.292,1.71891,1.71921,1.37,1.00
2017.05.31 08:06:47.444,1.71899,1.71923,1.37,1.50
2017.05.31 08:06:47.748,1.71896,1.71923,2.25,1.00
2017.05.31 08:06:47.869,1.719,1.71929,1.37,1.00
2017.05.31 08:06:47.921,1.71902,1.71929,1.37,1.00
2017.05.31 08:06:47.972,1.71906,1.71934,1.37,1.50
2017.05.31 08:06:48.073,1.71906,1.71934,1.37,1.00
2017.05.31 08:06:48.378,1.71906,1.71928,1.37,1.00
2017.05.31 08:06:48.889,1.71906,1.71928,1.37,1.00
2017.05.31 08:06:49.042,1.71903,1.71928,1.37,1.00
2017.05.31 08:06:49.195,1.71904,1.71923,1.37,1.00
2017.05.31 08:06:49.426,1.71901,1.71928,1.12,1.00
2017.05.31 08:06:49.960,1.71901,1.71929,1.87,1.00
2017.05.31 08:06:50.502,1.71901,1.71929,1.12,1.00
2017.05.31 08:06:56.002,1.71901,1.71928,1.12,1.00
2017.05.31 08:06:56.053,1.71901,1.71923,1.12,1.00
2017.05.31 08:06:56.155,1.71901,1.71929,1.12,1.00
2017.05.31 08:06:56.552,1.719,1.71924,1.37,1.00
2017.05.31 08:06:56.603,1.719,1.71924,1.37,1.00
2017.05.31 08:06:56.654,1.719,1.71924,1.37,1.00
2017.05.31 08:06:58.175,1.719,1.71923,1.87,1.00
2017.05.31 08:06:58.226,1.719,1.71928,1.37,1.00
2017.05.31 08:06:58.429,1.71899,1.71923,2.25,1.00
2017.05.31 08:06:59.090,1.71899,1.71923,1.50,1.00
2017.05.31 08:06:59.326,1.719,1.71928,1.37,1.00
2017.05.31 08:07:00.139,1.719,1.71929,1.87,1.00
2017.05.31 08:07:00.460,1.719,1.71923,1.37,1.00
2017.05.31 08:07:01.040,1.719,1.71923,1.87,1.00
2017.05.31 08:07:02.550,1.71899,1.71923,1.87,1.00
2017.05.31 08:07:02.601,1.71896,1.71919,2.25,1.00
2017.05.31 08:07:02.652,1.71896,1.71924,1.75,1.00
2017.05.31 08:07:02.704,1.71895,1.71924,1.37,1.00
2017.05.31 08:07:02.806,1.71898,1.71919,1.12,1.00
2017.05.31 08:07:02.908,1.71899,1.71919,1.12,1.00
2017.05.31 08:07:03.010,1.71892,1.71919,1.37,1.00
2017.05.31 08:07:03.061,1.71892,1.71919,1.37,1.00
2017.05.31 08:07:03.602,1.71889,1.71918,1.37,1.00
2017.05.31 08:07:04.110,1.7189,1.71919,1.37,1.00
2017.05.31 08:07:04.627,1.7189,1.71919,1.37,1.34
2017.05.31 08:07:05.231,1.7189,1.71919,1.37,1.00
2017.05.31 08:07:05.587,1.71889,1.71917,1.50,1.34
2017.05.31 08:07:05.639,1.71888,1.71914,1.37,1.34
2017.05.31 08:07:05.690,1.71883,1.71913,1.87,1.34
2017.05.31 08:07:05.843,1.71885,1.71912,1.12,1.34
2017.05.31 08:07:05.944,1.71891,1.71914,1.00,1.00
2017.05.31 08:07:05.995,1.71892,1.71918,1.00,1.37
2017.05.31 08:07:06.046,1.71891,1.71919,1.50,1.00
2017.05.31 08:07:06.198,1.71893,1.71919,1.00,1.00
2017.05.31 08:07:06.340,1.7189,1.71922,1.00,1.50
2017.05.31 08:07:06.392,1.71892,1.71922,1.00,1.50
2017.05.31 08:07:06.963,1.71892,1.71918,1.50,1.00
2017.05.31 08:07:08.769,1.71891,1.71918,1.00,1.00
2017.05.31 08:07:09.327,1.7189,1.71919,1.50,1.00
2017.05.31 08:07:09.687,1.71894,1.71919,1.00,1.00
2017.05.31 08:07:14.480,1.71894,1.71918,1.00,1.00
2017.05.31 08:07:14.633,1.71894,1.71922,1.00,1.50
2017.05.31 08:07:14.735,1.71894,1.71918,1.00,1.00
2017.05.31 08:07:14.786,1.7189,1.71918,1.00,1.00
2017.05.31 08:07:15.122,1.71892,1.71918,1.00,1.00
2017.05.31 08:07:15.711,1.71892,1.71919,1.00,1.00
2017.05.31 08:07:15.915,1.71895,1.71923,1.00,2.25
2017.05.31 08:07:16.421,1.71894,1.71923,1.00,2.25
2017.05.31 08:07:19.402,1.71894,1.71924,1.00,1.50
2017.05.31 08:07:19.966,1.71894,1.71923,1.00,1.00
2017.05.31 08:07:20.581,1.71894,1.71924,1.00,1.50
2017.05.31 08:07:23.267,1.71892,1.71924,1.00,1.00
2017.05.31 08:07:23.420,1.71894,1.71924,1.00,1.00
2017.05.31 08:07:23.471,1.71891,1.71924,1.50,1.00
2017.05.31 08:07:23.572,1.71893,1.71924,1.00,1.00
2017.05.31 08:07:23.673,1.7189,1.71924,2.62,1.00
2017.05.31 08:07:24.075,1.71893,1.71924,1.00,1.00
2017.05.31 08:07:24.125,1.7189,1.71924,3.00,1.00
2017.05.31 08:07:24.176,1.71894,1.71924,1.00,1.00
2017.05.31 08:07:24.227,1.71891,1.71924,1.12,1.00
2017.05.31 08:07:24.328,1.71894,1.71924,1.00,1.00
2017.05.31 08:07:24.379,1.7189,1.71924,2.62,1.00
2017.05.31 08:07:24.430,1.71893,1.71924,1.00,1.00
2017.05.31 08:07:24.532,1.71891,1.71924,1.50,1.00
2017.05.31 08:07:24.583,1.71893,1.71924,1.00,1.00
2017.05.31 08:07:24.634,1.71891,1.71924,1.50,1.00
2017.05.31 08:07:24.735,1.71894,1.71924,1.00,1.00
2017.05.31 08:07:24.786,1.71891,1.71924,1.50,1.00
2017.05.31 08:07:24.837,1.71893,1.71924,1.00,1.00
2017.05.31 08:07:24.938,1.71891,1.71924,1.50,1.00
2017.05.31 08:07:24.990,1.71893,1.71924,1.00,1.00
2017.05.31 08:07:25.566,1.71893,1.71925,1.00,1.00
2017.05.31 08:07:25.871,1.71898,1.71926,1.50,1.00
2017.05.31 08:07:25.973,1.71893,1.71924,1.00,1.00
2017.05.31 08:07:26.508,1.71892,1.71923,1.50,1.00
2017.05.31 08:07:26.762,1.71894,1.71923,1.00,1.00
2017.05.31 08:07:26.813,1.71892,1.71923,1.50,1.00
2017.05.31 08:07:26.965,1.71894,1.71924,1.00,1.50
2017.05.31 08:07:27.643,1.71896,1.71928,1.00,1.50
2017.05.31 08:07:27.694,1.719,1.71929,1.00,2.62
2017.05.31 08:07:30.059,1.71905,1.71933,1.00,1.00
2017.05.31 08:07:30.257,1.71909,1.7194,2.25,1.00
2017.05.31 08:07:30.309,1.71912,1.71943,1.00,1.34
2017.05.31 08:07:30.462,1.719,1.71936,3.71,1.00
2017.05.31 08:07:30.715,1.719,1.71934,3.34,1.50
2017.05.31 08:07:31.022,1.719,1.71933,3.00,1.50
2017.05.31 08:07:31.542,1.719,1.71932,2.62,1.00
2017.05.31 08:07:31.915,1.71905,1.71934,1.00,1.00
2017.05.31 08:07:32.016,1.71905,1.71936,1.50,1.00
2017.05.31 08:07:32.068,1.71905,1.71936,2.25,1.00
2017.05.31 08:07:33.000,1.71905,1.71935,1.87,1.00
2017.05.31 08:07:34.069,1.71906,1.71938,1.37,1.00
2017.05.31 08:07:35.154,1.71907,1.7194,1.12,1.50
2017.05.31 08:07:35.205,1.71909,1.7194,1.00,1.50
2017.05.31 08:07:36.489,1.71909,1.71938,1.00,1.00
2017.05.31 08:07:37.216,1.71909,1.71937,1.00,1.00
2017.05.31 08:07:37.479,1.71905,1.71935,1.12,1.00
2017.05.31 08:07:37.936,1.71904,1.71933,1.00,1.00
2017.05.31 08:07:38.139,1.71904,1.71935,1.00,1.00
2017.05.31 08:07:38.191,1.71902,1.71935,1.50,1.00
2017.05.31 08:07:38.344,1.71904,1.71936,1.00,1.00
2017.05.31 08:07:38.550,1.71902,1.71935,1.50,1.00
2017.05.31 08:07:38.906,1.71902,1.71935,2.59,1.00
2017.05.31 08:07:39.219,1.71907,1.71936,1.00,1.00
2017.05.31 08:07:39.270,1.71903,1.71936,1.37,1.00
2017.05.31 08:07:39.321,1.71907,1.71936,1.00,1.00
2017.05.31 08:07:39.943,1.71907,1.71935,1.12,1.00
2017.05.31 08:07:40.491,1.71907,1.71936,1.12,1.00
2017.05.31 08:07:41.008,1.71907,1.71935,1.12,1.00
2017.05.31 08:07:41.970,1.71907,1.71936,1.12,1.00
2017.05.31 08:07:42.290,1.71907,1.71934,1.00,1.00
2017.05.31 08:07:43.115,1.71902,1.71932,1.87,1.00
2017.05.31 08:07:45.438,1.71902,1.71933,1.37,1.00
2017.05.31 08:07:46.099,1.71902,1.71924,1.37,1.00
2017.05.31 08:07:46.404,1.71879,1.71909,2.25,1.00
2017.05.31 08:07:46.505,1.71879,1.71913,4.12,1.00
2017.05.31 08:07:46.556,1.71882,1.71915,3.00,1.50
2017.05.31 08:07:46.607,1.71884,1.71917,1.12,1.09
2017.05.31 08:07:46.961,1.71886,1.71918,1.00,1.34
2017.05.31 08:07:47.113,1.71885,1.71919,1.00,2.25
2017.05.31 08:07:47.164,1.71887,1.71917,1.00,1.84
2017.05.31 08:07:47.215,1.71884,1.71916,1.12,1.09
2017.05.31 08:07:47.266,1.71884,1.71913,1.00,1.00
2017.05.31 08:07:48.138,1.71884,1.71914,1.00,1.00
2017.05.31 08:07:48.647,1.71884,1.71915,1.00,1.00
2017.05.31 08:07:48.699,1.71884,1.71917,1.84,1.00
2017.05.31 08:07:48.750,1.71885,1.71918,2.59,1.12
2017.05.31 08:07:48.954,1.71889,1.71922,1.00,2.25
2017.05.31 08:07:49.006,1.71888,1.7192,3.00,1.00
2017.05.31 08:07:49.146,1.71887,1.7192,2.25,1.00
2017.05.31 08:07:50.348,1.71887,1.7192,2.21,1.50
2017.05.31 08:07:50.449,1.71889,1.7192,1.00,1.50
2017.05.31 08:07:50.500,1.71887,1.7192,1.50,1.00
2017.05.31 08:07:50.706,1.71889,1.7192,1.00,1.50
2017.05.31 08:07:50.756,1.71887,1.7192,1.50,1.00
2017.05.31 08:07:50.886,1.71889,1.7192,1.00,1.00
2017.05.31 08:07:51.647,1.71889,1.71914,1.00,1.00
2017.05.31 08:07:51.700,1.71887,1.71914,1.00,1.00
2017.05.31 08:07:51.751,1.71889,1.71914,1.00,1.00
2017.05.31 08:07:51.802,1.71887,1.71914,1.12,1.00
2017.05.31 08:07:51.903,1.71889,1.71914,1.00,1.00
2017.05.31 08:07:51.954,1.71887,1.71914,1.12,1.00
2017.05.31 08:07:52.470,1.71888,1.71914,1.00,1.00
2017.05.31 08:07:52.521,1.71888,1.71908,1.00,1.00
2017.05.31 08:07:54.534,1.71888,1.71914,1.00,1.00
2017.05.31 08:07:54.756,1.71888,1.71909,1.50,1.00
2017.05.31 08:07:55.263,1.71888,1.71908,1.50,1.00
2017.05.31 08:07:55.844,1.71887,1.71908,1.00,1.00
2017.05.31 08:07:55.897,1.71883,1.71908,1.50,1.00
2017.05.31 08:07:56.354,1.71885,1.71914,1.00,1.00
2017.05.31 08:07:56.405,1.71885,1.71909,1.00,1.00
2017.05.31 08:07:56.681,1.71885,1.71914,1.00,1.00
2017.05.31 08:07:58.155,1.71888,1.71914,1.00,1.00
2017.05.31 08:07:58.359,1.71886,1.71919,1.37,1.00
2017.05.31 08:07:58.514,1.71886,1.71919,1.75,1.00
2017.05.31 08:07:58.831,1.71891,1.71913,1.00,1.00
2017.05.31 08:07:59.317,1.71891,1.71919,1.00,1.00
2017.05.31 08:07:59.735,1.7189,1.71913,1.50,1.00
2017.05.31 08:07:59.915,1.71888,1.71913,1.50,1.00
2017.05.31 08:08:00.642,1.71888,1.71914,1.00,1.00
2017.05.31 08:08:01.148,1.71889,1.71914,1.00,1.00
2017.05.31 08:08:01.436,1.71887,1.71914,1.00,1.00
2017.05.31 08:08:01.709,1.71887,1.71913,1.00,1.34
2017.05.31 08:08:02.013,1.71878,1.71898,1.50,1.00
2017.05.31 08:08:02.065,1.71879,1.71903,1.00,1.00
2017.05.31 08:08:02.322,1.71879,1.71908,1.00,1.00
2017.05.31 08:08:02.691,1.71879,1.71908,1.37,1.00
2017.05.31 08:08:04.462,1.71878,1.71904,1.87,1.00
2017.05.31 08:08:04.513,1.71878,1.71904,1.00,1.00
2017.05.31 08:08:04.565,1.71875,1.71904,2.25,1.00
2017.05.31 08:08:06.319,1.71875,1.71898,1.84,1.00
2017.05.31 08:08:08.670,1.71874,1.71904,2.25,1.00
2017.05.31 08:08:08.721,1.71876,1.71904,3.37,1.00
2017.05.31 08:08:09.023,1.7188,1.71904,3.00,1.00
2017.05.31 08:08:09.688,1.71881,1.71904,1.00,1.00
2017.05.31 08:08:10.195,1.71882,1.71898,1.00,1.00
2017.05.31 08:08:10.390,1.7188,1.71898,1.50,1.00
2017.05.31 08:08:10.442,1.71874,1.71894,1.50,1.00
2017.05.31 08:08:10.952,1.71875,1.71894,1.00,1.00
2017.05.31 08:08:11.355,1.71875,1.71898,1.00,1.00
2017.05.31 08:08:12.371,1.71875,1.71899,1.00,1.00
2017.05.31 08:08:14.328,1.71874,1.71899,1.50,1.00
2017.05.31 08:08:14.543,1.71875,1.71904,1.00,1.00
2017.05.31 08:08:14.645,1.71878,1.71904,1.00,1.00
2017.05.31 08:08:14.949,1.71879,1.71898,1.12,1.00
2017.05.31 08:08:15.153,1.71875,1.71898,1.00,1.00
2017.05.31 08:08:15.306,1.71881,1.71898,1.00,1.00
2017.05.31 08:08:15.458,1.71881,1.71903,1.00,1.00
2017.05.31 08:08:15.968,1.71882,1.71903,1.00,1.00
2017.05.31 08:08:16.019,1.71879,1.71903,1.50,1.00
2017.05.31 08:08:17.579,1.7188,1.71903,1.00,1.00
2017.05.31 08:08:17.896,1.71877,1.71898,1.12,1.00
2017.05.31 08:08:17.947,1.71875,1.71898,1.00,1.00
2017.05.31 08:08:18.150,1.71879,1.71898,1.00,1.00
2017.05.31 08:08:18.201,1.71878,1.71903,1.00,1.00
2017.05.31 08:08:19.224,1.71879,1.71903,1.37,1.00
2017.05.31 08:08:19.529,1.71871,1.71898,1.50,1.00
2017.05.31 08:08:19.673,1.71871,1.71898,1.50,1.00
2017.05.31 08:08:19.727,1.71874,1.71898,1.00,1.00
2017.05.31 08:08:21.288,1.71877,1.71903,1.00,1.00
2017.05.31 08:08:21.339,1.71877,1.71903,1.34,1.00
2017.05.31 08:08:21.457,1.71879,1.71906,1.34,1.00
2017.05.31 08:08:21.509,1.71884,1.71904,1.00,1.00
2017.05.31 08:08:21.611,1.71888,1.71909,1.00,1.00
2017.05.31 08:08:21.663,1.71883,1.71909,1.87,1.00
2017.05.31 08:08:21.815,1.71889,1.71909,1.00,1.00
2017.05.31 08:08:21.867,1.7188,1.71909,1.50,1.50
2017.05.31 08:08:21.918,1.7188,1.71903,1.00,1.00
2017.05.31 08:08:22.273,1.7188,1.71904,1.84,1.00
2017.05.31 08:08:22.577,1.71879,1.71903,3.75,1.00
2017.05.31 08:08:24.026,1.71879,1.71904,1.50,1.00
2017.05.31 08:08:24.874,1.71879,1.71899,1.50,1.00
2017.05.31 08:08:26.944,1.7188,1.71903,1.12,1.00
2017.05.31 08:08:30.551,1.71879,1.71899,1.50,1.00
2017.05.31 08:08:30.652,1.71875,1.71899,2.62,1.00
2017.05.31 08:08:30.754,1.71874,1.71899,1.50,1.00
2017.05.31 08:08:32.733,1.71874,1.71898,1.00,1.00
2017.05.31 08:08:32.885,1.71872,1.71898,2.62,1.00
2017.05.31 08:08:32.937,1.71872,1.71893,3.37,1.00
2017.05.31 08:08:33.619,1.71872,1.71894,2.25,1.00
2017.05.31 08:08:35.163,1.71872,1.71899,1.50,1.00
2017.05.31 08:08:35.366,1.71873,1.71894,1.00,1.00
2017.05.31 08:08:38.420,1.71872,1.71894,1.50,1.00
2017.05.31 08:08:39.444,1.71872,1.71888,1.50,1.00
2017.05.31 08:08:40.738,1.71873,1.71893,1.34,1.00
2017.05.31 08:08:40.890,1.71877,1.71894,1.00,1.00
2017.05.31 08:08:41.400,1.71877,1.71894,1.50,1.00
2017.05.31 08:08:43.943,1.71876,1.71899,2.96,1.00
2017.05.31 08:08:44.220,1.71877,1.71894,1.50,1.00
2017.05.31 08:08:44.473,1.71874,1.71893,1.00,1.00
2017.05.31 08:08:44.524,1.71877,1.71893,1.50,1.00
2017.05.31 08:08:44.626,1.71877,1.71899,1.50,1.00
2017.05.31 08:08:44.829,1.71876,1.71894,2.25,1.00
2017.05.31 08:08:44.981,1.71876,1.71894,1.50,1.00
2017.05.31 08:08:45.545,1.71872,1.71894,1.75,1.00
2017.05.31 08:08:47.068,1.71872,1.71894,1.37,1.00
2017.05.31 08:08:47.360,1.71873,1.71898,1.00,1.00
2017.05.31 08:08:49.861,1.71873,1.71899,2.59,1.00
2017.05.31 08:08:50.014,1.71874,1.71904,1.34,1.00
2017.05.31 08:08:50.065,1.71873,1.71904,1.84,1.00
2017.05.31 08:08:50.218,1.71876,1.71904,1.09,1.00
2017.05.31 08:08:50.724,1.71876,1.71903,1.09,1.00
2017.05.31 08:08:51.324,1.71879,1.71908,1.34,1.00
2017.05.31 08:08:51.627,1.71879,1.71898,1.00,1.00
2017.05.31 08:08:51.728,1.71876,1.71899,1.00,1.00
2017.05.31 08:08:51.881,1.71873,1.71899,1.00,1.00
2017.05.31 08:08:51.932,1.71873,1.71894,1.00,1.00
2017.05.31 08:08:52.175,1.71872,1.71899,1.12,1.00
2017.05.31 08:08:54.034,1.71869,1.71893,4.09,1.00
2017.05.31 08:08:54.338,1.71871,1.71888,1.00,1.00
2017.05.31 08:08:54.488,1.71869,1.71888,1.00,1.00
2017.05.31 08:08:54.539,1.71866,1.71888,1.00,1.00
2017.05.31 08:08:54.641,1.71866,1.71884,1.00,1.00
2017.05.31 08:08:54.692,1.7186,1.71884,1.00,1.00
2017.05.31 08:08:54.946,1.71857,1.71878,1.71,1.00
2017.05.31 08:08:55.099,1.71854,1.71878,4.50,1.00
2017.05.31 08:08:55.150,1.71854,1.71883,4.50,1.00
2017.05.31 08:08:55.370,1.71854,1.71883,7.12,1.00
2017.05.31 08:08:55.893,1.71857,1.71883,1.00,1.00
2017.05.31 08:08:58.682,1.71857,1.71879,1.12,1.00
2017.05.31 08:08:58.784,1.71857,1.71883,1.12,1.00
2017.05.31 08:08:59.110,1.71857,1.71883,3.00,1.00
2017.05.31 08:08:59.355,1.71857,1.71883,1.12,1.00
2017.05.31 08:08:59.770,1.71858,1.71883,1.37,1.00
2017.05.31 08:09:00.318,1.71858,1.71884,1.37,1.00
2017.05.31 08:09:00.730,1.71857,1.71878,3.00,1.00
2017.05.31 08:09:00.933,1.71857,1.71878,1.12,1.00
2017.05.31 08:09:02.466,1.71857,1.71884,1.00,1.00
2017.05.31 08:09:02.680,1.7186,1.71884,1.00,1.00
2017.05.31 08:09:03.034,1.7186,1.71883,3.00,1.00
2017.05.31 08:09:03.778,1.71862,1.71884,1.00,1.00
2017.05.31 08:09:03.932,1.71861,1.71888,2.62,1.00
2017.05.31 08:09:04.849,1.71862,1.71884,1.12,1.00
2017.05.31 08:09:05.154,1.71854,1.71879,1.00,1.00
2017.05.31 08:09:06.201,1.71852,1.71879,2.25,1.00
2017.05.31 08:09:08.413,1.71857,1.71883,1.71,1.00
2017.05.31 08:09:08.718,1.71865,1.71888,1.00,1.00
2017.05.31 08:09:08.819,1.71868,1.71893,1.00,1.00
2017.05.31 08:09:08.870,1.71867,1.71893,1.34,1.00
2017.05.31 08:09:09.377,1.71868,1.71893,1.34,1.00
2017.05.31 08:09:09.479,1.71867,1.71893,1.84,1.00
2017.05.31 08:09:09.991,1.71867,1.71893,1.84,1.00
2017.05.31 08:09:11.859,1.71873,1.71894,1.71,1.00
2017.05.31 08:09:12.113,1.71878,1.71903,1.71,1.00
2017.05.31 08:09:12.309,1.71878,1.71903,1.71,1.00
2017.05.31 08:09:12.859,1.71878,1.71903,1.71,1.00
2017.05.31 08:09:13.163,1.71878,1.71899,2.21,1.00
2017.05.31 08:09:13.558,1.71878,1.71903,2.21,1.00
2017.05.31 08:09:13.683,1.71878,1.71894,1.00,1.00
2017.05.31 08:09:13.938,1.71868,1.71893,1.09,1.00
2017.05.31 08:09:14.040,1.71867,1.71893,4.84,1.00
2017.05.31 08:09:14.643,1.7187,1.71894,1.87,1.00
2017.05.31 08:09:14.795,1.71869,1.71893,1.37,1.00
2017.05.31 08:09:14.846,1.7187,1.71893,1.37,1.00
2017.05.31 08:09:15.049,1.71866,1.71888,1.37,1.00
2017.05.31 08:09:15.570,1.71866,1.71889,1.37,1.00
2017.05.31 08:09:15.722,1.71866,1.71893,1.71,1.00
2017.05.31 08:09:15.824,1.71867,1.71893,1.84,1.00
2017.05.31 08:09:15.925,1.71866,1.71888,2.62,1.00
2017.05.31 08:09:16.333,1.71866,1.71893,1.37,1.00
2017.05.31 08:09:17.087,1.71866,1.71893,1.37,1.00
2017.05.31 08:09:17.189,1.71865,1.71893,3.00,1.00
2017.05.31 08:09:17.590,1.71866,1.71893,1.37,1.00
2017.05.31 08:09:17.966,1.71866,1.71893,3.00,1.00
2017.05.31 08:09:18.521,1.71866,1.71894,2.25,1.00
2017.05.31 08:09:19.100,1.71867,1.71894,1.37,1.00
2017.05.31 08:09:19.747,1.71867,1.71894,1.37,1.00
2017.05.31 08:09:19.798,1.71865,1.71894,1.37,1.00
2017.05.31 08:09:19.849,1.71867,1.71894,1.37,1.00
2017.05.31 08:09:19.900,1.71867,1.71894,1.37,1.00
2017.05.31 08:09:20.190,1.71867,1.71888,1.37,1.00
2017.05.31 08:09:20.292,1.71867,1.71893,1.37,1.00
2017.05.31 08:09:20.977,1.71867,1.71893,3.00,1.00
2017.05.31 08:09:21.716,1.71867,1.71894,3.00,1.00
2017.05.31 08:09:22.270,1.71867,1.71894,1.87,1.00
2017.05.31 08:09:22.808,1.71867,1.71894,3.00,1.00
2017.05.31 08:09:23.370,1.71867,1.71888,1.37,1.00
2017.05.31 08:09:23.619,1.71868,1.71894,3.00,1.00
2017.05.31 08:09:23.771,1.71869,1.71894,1.71,1.00
2017.05.31 08:09:23.822,1.71869,1.71894,3.34,1.00
2017.05.31 08:09:24.197,1.71873,1.71894,1.37,1.00
2017.05.31 08:09:24.248,1.7187,1.71894,1.37,1.00
2017.05.31 08:09:24.299,1.71869,1.71894,1.37,1.00
2017.05.31 08:09:24.351,1.71868,1.71893,1.37,1.00
2017.05.31 08:09:24.518,1.71865,1.71888,3.75,1.00
2017.05.31 08:09:24.569,1.71866,1.71893,2.25,1.00
2017.05.31 08:09:24.670,1.71865,1.71889,1.37,1.00
2017.05.31 08:09:25.188,1.71863,1.71889,2.62,1.00
2017.05.31 08:09:25.291,1.71863,1.71884,1.87,1.00
2017.05.31 08:09:25.622,1.71864,1.71888,1.50,1.00
2017.05.31 08:09:25.828,1.71864,1.71889,1.50,1.00
2017.05.31 08:09:25.930,1.71865,1.71894,3.00,1.50
2017.05.31 08:09:25.982,1.71866,1.71894,2.25,1.00
2017.05.31 08:09:26.032,1.71866,1.71894,1.37,1.00
2017.05.31 08:09:26.235,1.71865,1.71898,1.71,1.00
2017.05.31 08:09:26.710,1.71865,1.71893,1.37,1.00
2017.05.31 08:09:27.014,1.71864,1.71888,1.37,1.00
2017.05.31 08:09:27.576,1.71864,1.71888,1.37,1.00
2017.05.31 08:09:28.209,1.71863,1.71889,3.00,1.00
2017.05.31 08:09:28.740,1.71864,1.71888,1.37,1.00
2017.05.31 08:09:29.365,1.71864,1.71889,1.37,1.00
2017.05.31 08:09:29.876,1.71864,1.71889,1.37,1.00
2017.05.31 08:09:32.716,1.71863,1.71889,3.00,1.00
2017.05.31 08:09:33.269,1.71865,1.71888,1.37,1.00
2017.05.31 08:09:34.044,1.71864,1.71888,1.37,1.00
2017.05.31 08:09:34.699,1.71864,1.71889,1.37,1.00
2017.05.31 08:09:35.790,1.71863,1.71889,3.00,1.00
2017.05.31 08:09:36.333,1.71865,1.71889,1.87,1.00
2017.05.31 08:09:36.899,1.71865,1.71888,1.37,1.00
2017.05.31 08:09:37.501,1.71866,1.71888,2.62,1.00
2017.05.31 08:09:37.764,1.71867,1.71893,2.62,1.00
2017.05.31 08:09:37.967,1.71868,1.71899,3.00,1.50
2017.05.31 08:09:38.843,1.71869,1.71899,1.37,1.00
2017.05.31 08:09:38.894,1.71869,1.71894,1.87,1.00
2017.05.31 08:09:39.920,1.71868,1.71894,1.87,1.00
2017.05.31 08:09:40.457,1.71872,1.71899,1.46,1.00
2017.05.31 08:09:40.559,1.71873,1.71899,1.71,1.00
2017.05.31 08:09:41.109,1.71869,1.71899,2.21,1.00
2017.05.31 08:09:41.413,1.71873,1.71898,1.37,1.00
2017.05.31 08:09:42.009,1.71871,1.71898,3.00,1.00
2017.05.31 08:09:42.668,1.71871,1.71899,1.37,1.00
2017.05.31 08:09:43.151,1.71871,1.71894,1.37,1.00
2017.05.31 08:09:43.465,1.71874,1.71894,2.25,1.00
2017.05.31 08:09:43.666,1.71874,1.71899,2.25,1.00
2017.05.31 08:09:43.920,1.71873,1.71899,1.37,1.00
2017.05.31 08:09:44.022,1.71873,1.71894,1.12,1.34
2017.05.31 08:09:44.073,1.71873,1.71889,1.00,1.00
2017.05.31 08:09:44.225,1.7186,1.71884,2.25,1.00
2017.05.31 08:09:45.130,1.71861,1.71884,1.37,1.00
2017.05.31 08:09:45.360,1.71861,1.71884,1.37,1.00
2017.05.31 08:09:45.819,1.7186,1.71884,2.25,1.00
2017.05.31 08:09:45.972,1.71861,1.71884,1.37,1.00
2017.05.31 08:09:46.023,1.71861,1.71889,1.37,1.00
2017.05.31 08:09:46.263,1.71861,1.71883,1.37,1.00
2017.05.31 08:09:48.313,1.71861,1.71883,1.37,1.00
2017.05.31 08:09:48.856,1.71861,1.71883,1.37,1.00
2017.05.31 08:09:49.488,1.71861,1.71883,1.37,1.00
2017.05.31 08:09:50.664,1.71861,1.71888,1.87,1.00
2017.05.31 08:09:50.766,1.71862,1.71893,1.37,1.50
2017.05.31 08:09:51.015,1.71864,1.71893,1.37,1.00
2017.05.31 08:09:51.119,1.71864,1.71889,1.87,1.00
2017.05.31 08:09:51.760,1.71864,1.71889,3.37,1.00
2017.05.31 08:09:52.018,1.71865,1.71893,1.87,1.00
2017.05.31 08:09:52.263,1.71865,1.71896,1.87,1.00
2017.05.31 08:09:52.365,1.71865,1.71888,1.87,1.00
2017.05.31 08:09:52.823,1.71864,1.71888,1.37,1.00
2017.05.31 08:09:53.119,1.71864,1.71893,1.37,1.00
2017.05.31 08:09:54.033,1.71865,1.71897,2.96,1.00
2017.05.31 08:09:54.084,1.71869,1.71897,2.25,1.00
2017.05.31 08:09:54.619,1.7187,1.71898,3.37,1.00
2017.05.31 08:09:55.624,1.7187,1.71898,1.37,1.00
2017.05.31 08:09:55.964,1.71871,1.71898,2.25,1.00
2017.05.31 08:09:56.263,1.7187,1.71898,1.37,1.00
2017.05.31 08:09:57.514,1.71873,1.71898,3.00,1.00
2017.05.31 08:09:57.619,1.71877,1.71901,1.37,1.00
2017.05.31 08:09:57.670,1.71877,1.71904,2.62,1.00
2017.05.31 08:09:58.196,1.7188,1.71904,1.87,1.00
2017.05.31 08:09:59.364,1.71881,1.71904,1.37,1.00
2017.05.31 08:09:59.551,1.7188,1.71899,1.37,1.00
2017.05.31 08:10:01.401,1.7188,1.71898,1.87,1.00
2017.05.31 08:10:01.920,1.7188,1.71898,1.87,1.00
2017.05.31 08:10:02.365,1.7188,1.71904,1.37,1.00
2017.05.31 08:10:02.719,1.7188,1.71898,1.00,1.00
2017.05.31 08:10:02.770,1.71878,1.71898,1.00,1.00
2017.05.31 08:10:02.822,1.71874,1.71898,1.37,1.00
2017.05.31 08:10:02.972,1.7187,1.71898,1.37,1.00
2017.05.31 08:10:03.023,1.71873,1.71898,1.37,1.00
2017.05.31 08:10:03.074,1.71873,1.71904,1.37,1.50
2017.05.31 08:10:03.787,1.71877,1.71903,1.37,1.00
2017.05.31 08:10:04.417,1.71877,1.71904,1.37,1.00
2017.05.31 08:10:04.468,1.71872,1.71898,3.37,1.00
2017.05.31 08:10:04.520,1.71872,1.71894,1.50,1.00
2017.05.31 08:10:04.621,1.71869,1.71894,1.00,1.00
2017.05.31 08:10:05.557,1.71867,1.71893,1.37,1.00
2017.05.31 08:10:05.935,1.71869,1.71893,1.37,1.00
2017.05.31 08:10:06.139,1.71868,1.71893,1.37,1.00
2017.05.31 08:10:06.647,1.71868,1.71893,1.37,1.00
2017.05.31 08:10:07.197,1.71867,1.71893,1.37,1.00
2017.05.31 08:10:07.429,1.71867,1.71888,1.37,1.00
2017.05.31 08:10:07.480,1.71862,1.71883,3.00,1.84
2017.05.31 08:10:07.531,1.71862,1.71878,1.50,1.09
2017.05.31 08:10:07.583,1.7186,1.71884,2.25,1.00
2017.05.31 08:10:07.637,1.71858,1.71884,1.87,1.34
2017.05.31 08:10:07.787,1.71859,1.71888,1.37,1.00
2017.05.31 08:10:08.238,1.71859,1.71883,1.50,1.00
2017.05.31 08:10:09.911,1.71859,1.71883,1.50,1.00
2017.05.31 08:10:10.012,1.71856,1.71878,1.87,1.00
2017.05.31 08:10:10.064,1.71856,1.71878,1.00,1.00
2017.05.31 08:10:10.452,1.71852,1.71878,1.37,1.00
2017.05.31 08:10:11.098,1.71852,1.71878,1.12,1.00
2017.05.31 08:10:11.507,1.71852,1.71878,1.37,1.00
2017.05.31 08:10:12.243,1.71852,1.71878,1.37,1.09
2017.05.31 08:10:12.548,1.71852,1.71874,1.12,1.00
2017.05.31 08:10:13.192,1.71852,1.71874,1.37,1.00
2017.05.31 08:10:13.764,1.71852,1.71873,1.37,1.00
2017.05.31 08:10:14.467,1.71849,1.71873,1.37,1.00
2017.05.31 08:10:15.015,1.71851,1.71873,1.37,1.00
2017.05.31 08:10:15.357,1.71853,1.71878,1.37,1.00
2017.05.31 08:10:15.649,1.71853,1.71874,1.37,1.00
2017.05.31 08:10:15.916,1.71853,1.71874,1.12,1.00
2017.05.31 08:10:16.017,1.71851,1.71869,1.00,1.00
2017.05.31 08:10:16.068,1.71848,1.71869,1.00,1.00
2017.05.31 08:10:16.119,1.71845,1.71859,1.12,1.00
2017.05.31 08:10:16.221,1.71837,1.71863,1.12,1.09
2017.05.31 08:10:16.272,1.71836,1.71863,1.87,1.09
2017.05.31 08:10:16.374,1.71839,1.71863,1.37,1.00
2017.05.31 08:10:16.425,1.7184,1.71868,1.37,1.00
2017.05.31 08:10:16.981,1.71842,1.71868,1.37,1.00
2017.05.31 08:10:17.257,1.71839,1.71864,1.87,1.00
2017.05.31 08:10:17.563,1.71831,1.71854,1.87,1.00
2017.05.31 08:10:17.665,1.71831,1.71854,1.37,1.00
2017.05.31 08:10:17.890,1.7183,1.71854,1.37,1.00
2017.05.31 08:10:18.748,1.71831,1.71853,1.00,1.00
2017.05.31 08:10:18.799,1.71831,1.71853,1.37,1.00
2017.05.31 08:10:19.339,1.7183,1.71853,1.37,1.00
2017.05.31 08:10:20.095,1.7183,1.71853,1.37,1.00
2017.05.31 08:10:20.486,1.7183,1.71854,1.12,1.00
2017.05.31 08:10:20.538,1.71828,1.71853,1.00,1.00
2017.05.31 08:10:21.087,1.71825,1.71853,1.37,1.00
2017.05.31 08:10:21.263,1.71825,1.71857,1.37,1.00
2017.05.31 08:10:21.315,1.71829,1.71857,3.00,1.00
2017.05.31 08:10:21.469,1.71829,1.71854,2.62,1.34
2017.05.31 08:10:21.681,1.71825,1.71854,1.37,1.34
2017.05.31 08:10:21.732,1.71825,1.71849,1.37,1.00
2017.05.31 08:10:21.833,1.71825,1.71854,1.37,1.34
2017.05.31 08:10:22.011,1.71825,1.71854,1.37,1.00
2017.05.31 08:10:22.920,1.71825,1.71854,1.37,1.00
2017.05.31 08:10:23.597,1.71825,1.71853,1.37,1.00
2017.05.31 08:10:24.133,1.71824,1.71853,1.50,1.00
2017.05.31 08:10:24.681,1.71824,1.71853,1.50,1.00
2017.05.31 08:10:25.062,1.71825,1.71853,1.37,1.00
2017.05.31 08:10:25.557,1.71824,1.71849,1.50,1.00
2017.05.31 08:10:25.846,1.7182,1.71843,1.37,1.00
2017.05.31 08:10:26.371,1.71815,1.71843,1.37,1.00
2017.05.31 08:10:26.523,1.71815,1.71847,1.37,1.00
2017.05.31 08:10:26.574,1.71819,1.71847,1.37,1.00
2017.05.31 08:10:26.726,1.7182,1.71853,1.37,1.12
2017.05.31 08:10:27.227,1.71821,1.71854,1.37,1.00
2017.05.31 08:10:27.564,1.71821,1.71854,1.37,1.00
2017.05.31 08:10:29.760,1.71822,1.71854,2.25,1.00
2017.05.31 08:10:31.031,1.71823,1.71854,2.25,1.00
2017.05.31 08:10:31.235,1.71821,1.71854,1.37,1.00
2017.05.31 08:10:31.790,1.71821,1.71854,3.00,1.00
2017.05.31 08:10:32.314,1.71822,1.71853,2.25,1.00
2017.05.31 08:10:33.350,1.71821,1.71853,3.00,1.00
2017.05.31 08:10:35.029,1.71823,1.71854,1.37,1.00
2017.05.31 08:10:35.148,1.71822,1.71849,1.37,1.00
2017.05.31 08:10:35.717,1.71822,1.71853,1.37,1.00
2017.05.31 08:10:36.420,1.71821,1.71853,1.37,1.00
2017.05.31 08:10:36.522,1.7182,1.71851,1.37,1.00
2017.05.31 08:10:36.848,1.71818,1.71848,1.37,1.00
2017.05.31 08:10:37.205,1.71818,1.71848,3.00,1.00
2017.05.31 08:10:37.307,1.7182,1.71843,1.37,1.00
2017.05.31 08:10:37.358,1.71827,1.71849,1.37,1.00
2017.05.31 08:10:37.562,1.71837,1.71863,1.00,1.00
2017.05.31 08:10:37.714,1.71839,1.71863,1.00,1.00
2017.05.31 08:10:38.816,1.71838,1.71863,2.25,1.00
2017.05.31 08:10:39.448,1.71839,1.71863,1.00,1.00
2017.05.31 08:10:39.959,1.71838,1.71863,1.00,1.00
2017.05.31 08:10:40.482,1.71839,1.71863,1.00,1.00
2017.05.31 08:10:41.015,1.71838,1.71863,1.00,1.00
2017.05.31 08:10:41.964,1.71839,1.71863,1.00,1.00
2017.05.31 08:10:42.342,1.71839,1.71858,1.00,1.00
2017.05.31 08:10:43.126,1.71838,1.71858,1.00,1.00
2017.05.31 08:10:43.340,1.71838,1.71864,1.00,1.00
2017.05.31 08:10:43.594,1.71834,1.71863,1.00,1.00
2017.05.31 08:10:43.747,1.71832,1.71858,1.00,1.00
2017.05.31 08:10:44.294,1.7183,1.71858,1.50,1.00
2017.05.31 08:10:44.837,1.71829,1.71858,1.00,1.00
2017.05.31 08:10:45.486,1.71829,1.71853,1.00,1.00
2017.05.31 08:10:47.963,1.7183,1.71858,1.00,1.00
2017.05.31 08:10:48.065,1.71832,1.71858,1.00,1.00
2017.05.31 08:10:48.617,1.71831,1.71858,3.00,1.00
2017.05.31 08:10:49.162,1.71832,1.71858,1.00,1.00
2017.05.31 08:10:49.527,1.71831,1.71853,1.00,1.00
2017.05.31 08:10:49.581,1.71828,1.71853,1.00,1.00
2017.05.31 08:10:49.632,1.71826,1.71858,1.37,1.00
2017.05.31 08:10:49.741,1.71827,1.71858,1.37,1.00
2017.05.31 08:10:50.087,1.71834,1.71863,1.37,1.00
2017.05.31 08:10:50.290,1.71841,1.71869,1.37,1.00
2017.05.31 08:10:50.341,1.71841,1.71869,1.12,1.00
2017.05.31 08:10:51.005,1.71838,1.71869,1.50,1.00
2017.05.31 08:10:51.059,1.71837,1.71863,1.75,1.00
2017.05.31 08:10:51.582,1.71836,1.71864,1.37,1.00
2017.05.31 08:10:52.261,1.71836,1.71864,1.37,1.00
2017.05.31 08:10:52.623,1.71845,1.71872,1.37,1.00
2017.05.31 08:10:52.927,1.71846,1.71874,1.37,1.00
2017.05.31 08:10:53.288,1.71837,1.71863,1.37,1.00
2017.05.31 08:10:53.873,1.71836,1.71864,1.37,1.00
2017.05.31 08:10:54.264,1.71836,1.71864,1.00,1.00
2017.05.31 08:10:54.315,1.71834,1.7186,1.00,1.00
2017.05.31 08:10:54.665,1.71826,1.71858,1.37,1.00
2017.05.31 08:10:54.969,1.71832,1.71859,1.87,1.00
2017.05.31 08:10:55.020,1.71832,1.71862,1.37,1.00
2017.05.31 08:10:55.071,1.71831,1.71862,2.62,1.00
2017.05.31 08:10:55.372,1.71831,1.71853,1.37,1.00
2017.05.31 08:10:55.818,1.71828,1.71858,1.37,1.00
2017.05.31 08:10:56.417,1.71826,1.71858,2.62,1.00
2017.05.31 08:10:57.739,1.71826,1.71858,2.62,1.00
2017.05.31 08:10:57.942,1.71826,1.71853,1.87,1.00
2017.05.31 08:10:58.145,1.71826,1.71853,1.12,1.00
2017.05.31 08:10:58.680,1.71826,1.71853,1.87,1.00
2017.05.31 08:10:59.742,1.71826,1.71853,1.87,1.00
2017.05.31 08:10:59.852,1.71827,1.71853,1.00,1.00
2017.05.31 08:10:59.970,1.71826,1.71854,1.12,1.00
2017.05.31 08:11:00.127,1.71831,1.71859,1.37,1.00
2017.05.31 08:11:00.644,1.71831,1.71858,1.87,1.00
2017.05.31 08:11:00.949,1.71831,1.71858,1.37,1.00
2017.05.31 08:11:01.477,1.7183,1.71858,1.37,1.00
2017.05.31 08:11:02.020,1.71828,1.71858,1.37,1.00
2017.05.31 08:11:02.359,1.71827,1.71853,2.62,1.00
2017.05.31 08:11:02.511,1.71824,1.71853,3.37,1.00
2017.05.31 08:11:03.441,1.71825,1.71853,1.37,1.00
2017.05.31 08:11:03.782,1.71825,1.71853,1.37,1.00
2017.05.31 08:11:03.833,1.71825,1.71853,1.37,1.00
2017.05.31 08:11:03.935,1.71825,1.71856,1.37,1.00
2017.05.31 08:11:03.986,1.71825,1.71859,1.37,1.50
2017.05.31 08:11:04.240,1.71823,1.71853,1.87,1.00
2017.05.31 08:11:04.576,1.71821,1.71849,1.87,1.00
2017.05.31 08:11:05.133,1.71822,1.71848,1.37,1.00
2017.05.31 08:11:05.235,1.71819,1.71839,1.87,1.00
2017.05.31 08:11:05.439,1.7181,1.71838,1.87,1.00
2017.05.31 08:11:05.541,1.7181,1.71843,1.37,1.00
2017.05.31 08:11:06.377,1.7181,1.71843,1.37,1.00
2017.05.31 08:11:06.633,1.7181,1.71843,1.37,1.50
2017.05.31 08:11:07.133,1.71812,1.71843,1.37,1.00
2017.05.31 08:11:07.818,1.71809,1.71846,1.87,1.12
2017.05.31 08:11:07.920,1.7181,1.71843,1.37,1.00
2017.05.31 08:11:08.226,1.7181,1.71844,3.75,1.00
2017.05.31 08:11:08.839,1.71811,1.71844,1.37,1.00
2017.05.31 08:11:09.412,1.71811,1.71846,1.37,1.12
2017.05.31 08:11:09.561,1.71811,1.71843,1.37,1.00
2017.05.31 08:11:09.613,1.71811,1.71843,1.37,1.00
2017.05.31 08:11:09.765,1.71811,1.71843,1.37,1.00
2017.05.31 08:11:10.114,1.71811,1.71839,1.37,1.34
2017.05.31 08:11:10.421,1.71802,1.71834,1.37,3.34
2017.05.31 08:11:10.472,1.71802,1.71833,1.37,1.09
2017.05.31 08:11:10.523,1.71801,1.71833,1.37,1.84
2017.05.31 08:11:11.051,1.71801,1.71833,1.37,1.46
2017.05.31 08:11:11.576,1.71801,1.71833,1.37,1.71
2017.05.31 08:11:11.903,1.71803,1.71836,4.50,1.87
2017.05.31 08:11:12.247,1.71803,1.71833,3.75,1.00
2017.05.31 08:11:12.298,1.71803,1.71836,2.25,1.87
2017.05.31 08:11:12.516,1.71803,1.71833,2.25,1.00
2017.05.31 08:11:12.863,1.71811,1.71839,3.37,1.00
2017.05.31 08:11:13.015,1.71811,1.71839,2.62,1.00
2017.05.31 08:11:13.610,1.71811,1.71839,1.37,1.00
2017.05.31 08:11:14.316,1.71811,1.71839,3.00,1.00
2017.05.31 08:11:14.832,1.71814,1.71846,1.37,1.00
2017.05.31 08:11:16.144,1.71811,1.71838,3.75,1.00
2017.05.31 08:11:16.246,1.71811,1.71843,3.75,1.00
2017.05.31 08:11:16.837,1.71813,1.71844,1.37,1.00
2017.05.31 08:11:17.427,1.71813,1.71844,1.37,1.00
2017.05.31 08:11:17.682,1.71811,1.71844,1.37,1.00
2017.05.31 08:11:17.834,1.71811,1.71839,1.37,1.00
2017.05.31 08:11:18.406,1.71811,1.71838,1.37,1.00
2017.05.31 08:11:18.609,1.71812,1.71843,1.37,1.00
2017.05.31 08:11:19.174,1.71811,1.71843,1.37,1.00
2017.05.31 08:11:19.462,1.71812,1.71845,1.37,1.00
2017.05.31 08:11:19.565,1.71817,1.71847,1.37,1.00
2017.05.31 08:11:19.765,1.71817,1.71849,2.62,1.00
2017.05.31 08:11:20.289,1.71818,1.71848,1.75,1.00
2017.05.31 08:11:20.340,1.71818,1.71848,1.75,1.00
2017.05.31 08:11:20.646,1.7182,1.71849,1.37,1.00
2017.05.31 08:11:21.520,1.71821,1.71848,1.37,1.00
2017.05.31 08:11:21.622,1.71821,1.71853,1.37,1.00
2017.05.31 08:11:21.723,1.71824,1.71854,1.37,1.00
2017.05.31 08:11:21.774,1.71824,1.71858,1.37,1.87
2017.05.31 08:11:21.825,1.71825,1.71854,1.37,1.00
2017.05.31 08:11:21.876,1.71826,1.71854,1.37,1.00
2017.05.31 08:11:22.323,1.71826,1.71853,1.37,1.00
2017.05.31 08:11:22.526,1.71824,1.71854,1.37,1.00
2017.05.31 08:11:22.577,1.71824,1.71854,1.37,1.00
2017.05.31 08:11:22.735,1.71819,1.71848,1.37,1.00
2017.05.31 08:11:22.942,1.71822,1.71854,1.37,2.25
2017.05.31 08:11:23.245,1.71822,1.71854,1.37,1.00
2017.05.31 08:11:23.771,1.71824,1.71853,1.37,1.00
2017.05.31 08:11:23.822,1.71824,1.71853,1.00,1.00
2017.05.31 08:11:23.873,1.71821,1.71853,1.37,1.00
2017.05.31 08:11:24.401,1.71824,1.71853,1.37,1.00
2017.05.31 08:11:24.902,1.71824,1.71854,1.37,1.00
2017.05.31 08:11:25.158,1.7182,1.71854,1.37,1.34
2017.05.31 08:11:25.209,1.7182,1.71854,1.37,1.34
2017.05.31 08:11:25.310,1.7182,1.71854,1.37,1.34
2017.05.31 08:11:25.611,1.7182,1.71853,1.37,1.50
2017.05.31 08:11:26.158,1.71818,1.71853,1.87,1.84
2017.05.31 08:11:26.717,1.71818,1.71853,1.87,1.00
2017.05.31 08:11:27.155,1.7182,1.71853,1.37,1.50
2017.05.31 08:11:28.418,1.71817,1.71853,3.75,1.00
2017.05.31 08:11:29.005,1.71819,1.71853,1.87,1.00
2017.05.31 08:11:29.814,1.71818,1.71854,1.37,1.12
2017.05.31 08:11:30.138,1.71817,1.71852,2.62,1.84
2017.05.31 08:11:30.391,1.71822,1.71854,1.37,1.87
2017.05.31 08:11:30.747,1.71822,1.71854,1.37,1.87
2017.05.31 08:11:31.261,1.71822,1.71853,1.37,1.00
2017.05.31 08:11:31.847,1.71822,1.71853,1.37,1.00
2017.05.31 08:11:32.203,1.71822,1.71853,1.37,1.84
2017.05.31 08:11:32.256,1.71822,1.71852,1.37,1.00
2017.05.31 08:11:33.038,1.71822,1.71852,1.37,1.00
2017.05.31 08:11:33.455,1.71822,1.71854,1.37,1.00
2017.05.31 08:11:34.119,1.71822,1.71853,1.87,1.00
2017.05.31 08:11:34.221,1.71823,1.71857,1.37,3.00
2017.05.31 08:11:34.525,1.71827,1.71854,1.12,1.00
2017.05.31 08:11:35.619,1.71827,1.71854,1.12,1.00
2017.05.31 08:11:37.067,1.71827,1.71854,1.12,1.00
2017.05.31 08:11:37.169,1.71827,1.71858,1.12,1.00
2017.05.31 08:11:39.107,1.71827,1.71858,1.12,1.00
2017.05.31 08:11:41.468,1.71827,1.71858,1.12,1.34
2017.05.31 08:11:41.815,1.71827,1.71853,1.12,1.00
2017.05.31 08:11:42.634,1.71828,1.71853,1.00,1.00
2017.05.31 08:11:44.714,1.71827,1.71853,1.12,1.00
2017.05.31 08:11:45.537,1.71827,1.71853,1.12,1.00
2017.05.31 08:11:46.248,1.71827,1.71853,1.12,1.00
2017.05.31 08:11:46.706,1.71822,1.71853,1.87,1.34
2017.05.31 08:11:46.757,1.71822,1.71851,1.87,1.00
2017.05.31 08:11:46.858,1.71818,1.71848,1.87,1.00
2017.05.31 08:11:47.224,1.71818,1.7185,3.37,1.50
2017.05.31 08:11:47.426,1.71823,1.71854,1.37,1.00
2017.05.31 08:11:47.528,1.71824,1.71854,1.37,1.50
2017.05.31 08:11:47.680,1.71823,1.71854,1.37,1.50
2017.05.31 08:11:47.833,1.71824,1.71859,1.50,2.62
2017.05.31 08:11:48.089,1.71826,1.71859,1.37,1.87
2017.05.31 08:11:48.627,1.71826,1.71859,1.37,1.87
2017.05.31 08:11:49.141,1.71826,1.71858,1.37,1.12
2017.05.31 08:11:50.694,1.71826,1.71858,1.37,1.12
2017.05.31 08:11:51.376,1.71823,1.71858,1.75,1.12
2017.05.31 08:11:51.893,1.71823,1.71858,1.75,1.12
2017.05.31 08:11:51.944,1.71823,1.71855,2.25,2.59
2017.05.31 08:11:51.995,1.71823,1.71853,1.37,1.00
2017.05.31 08:11:52.047,1.71823,1.71848,1.37,1.00
2017.05.31 08:11:52.148,1.71817,1.71848,3.00,1.00
2017.05.31 08:11:52.635,1.71816,1.71848,2.25,1.50
2017.05.31 08:11:52.686,1.71817,1.71846,1.50,1.00
2017.05.31 08:11:52.737,1.71816,1.71848,1.75,2.25
2017.05.31 08:11:52.838,1.71815,1.71847,1.37,1.50
2017.05.31 08:11:53.721,1.71815,1.71846,1.37,1.12
2017.05.31 08:11:54.186,1.71815,1.71846,1.37,1.12
2017.05.31 08:11:54.736,1.71816,1.71846,1.37,1.12
2017.05.31 08:11:55.126,1.71816,1.71843,1.37,1.00
2017.05.31 08:11:55.227,1.71814,1.71843,1.37,1.00
2017.05.31 08:11:55.279,1.71814,1.71845,1.37,1.00
2017.05.31 08:11:55.583,1.71816,1.71846,1.37,1.12
2017.05.31 08:11:55.939,1.71816,1.71849,3.75,1.00
2017.05.31 08:11:56.661,1.71818,1.71849,1.50,1.00
2017.05.31 08:11:57.205,1.71818,1.71848,1.50,1.00
2017.05.31 08:11:57.546,1.71816,1.71844,1.87,1.00
2017.05.31 08:11:57.801,1.71805,1.71838,1.87,1.09
2017.05.31 08:11:58.123,1.71805,1.71838,2.62,1.09
2017.05.31 08:11:58.644,1.71806,1.71839,1.50,2.59
2017.05.31 08:11:59.159,1.71806,1.71839,3.75,1.00
2017.05.31 08:11:59.693,1.71807,1.71839,1.37,1.00
2017.05.31 08:12:00.213,1.71807,1.71838,1.37,1.00
2017.05.31 08:12:02.117,1.71807,1.71838,1.37,1.00
2017.05.31 08:12:03.242,1.71807,1.71839,1.37,1.00
2017.05.31 08:12:03.833,1.71807,1.71839,1.87,1.00
2017.05.31 08:12:03.985,1.71813,1.71845,2.62,1.00
2017.05.31 08:12:04.036,1.71813,1.71847,2.62,1.00
2017.05.31 08:12:04.088,1.71814,1.71847,1.50,1.00
2017.05.31 08:12:04.139,1.71817,1.71849,1.37,1.12
2017.05.31 08:12:04.682,1.71817,1.71849,1.87,1.46
2017.05.31 08:12:04.733,1.71817,1.71849,1.87,2.21
2017.05.31 08:12:05.126,1.71817,1.71849,1.87,2.21
2017.05.31 08:12:06.102,1.71817,1.71849,1.87,2.21
2017.05.31 08:12:08.613,1.71817,1.71849,1.87,2.21
2017.05.31 08:12:09.196,1.71817,1.71849,2.62,1.46
2017.05.31 08:12:10.142,1.71817,1.71849,2.62,1.46
2017.05.31 08:12:10.715,1.71817,1.71848,1.87,1.34
2017.05.31 08:12:12.241,1.71817,1.71848,1.87,1.09
2017.05.31 08:12:12.827,1.71817,1.71848,2.62,1.34
2017.05.31 08:12:13.486,1.71817,1.71848,2.62,1.34
2017.05.31 08:12:15.325,1.71817,1.71848,1.37,1.84
2017.05.31 08:12:15.477,1.71817,1.71848,1.37,1.34
2017.05.31 08:12:15.818,1.71817,1.71848,1.37,1.84
2017.05.31 08:12:16.160,1.71815,1.71848,1.87,1.84
2017.05.31 08:12:16.237,1.71815,1.71848,1.87,1.84
2017.05.31 08:12:17.118,1.71815,1.71846,1.37,1.00
2017.05.31 08:12:17.482,1.71815,1.71846,1.37,1.00
2017.05.31 08:12:18.080,1.71815,1.71847,1.37,1.09
2017.05.31 08:12:18.612,1.71815,1.71847,1.37,1.34
2017.05.31 08:12:18.714,1.71816,1.71847,1.87,1.34
2017.05.31 08:12:18.866,1.71816,1.71847,1.87,1.34
2017.05.31 08:12:19.138,1.71816,1.71847,1.37,1.34
2017.05.31 08:12:19.907,1.71816,1.71847,1.37,1.34
2017.05.31 08:12:21.217,1.71816,1.71847,1.37,1.34
2017.05.31 08:12:23.186,1.71816,1.71845,1.37,1.00
2017.05.31 08:12:24.387,1.71816,1.71845,1.12,1.00
2017.05.31 08:12:25.825,1.71816,1.71845,1.37,1.00
2017.05.31 08:12:26.993,1.71816,1.71845,1.37,1.00
2017.05.31 08:12:29.599,1.71816,1.71845,1.00,1.00
2017.05.31 08:12:30.167,1.71816,1.71845,1.37,1.00
2017.05.31 08:12:30.697,1.71814,1.71845,1.37,1.00
2017.05.31 08:12:32.776,1.71814,1.71845,1.37,1.00
2017.05.31 08:12:33.405,1.71816,1.71845,1.37,1.00
2017.05.31 08:12:33.811,1.71814,1.71845,1.87,1.00
2017.05.31 08:12:33.963,1.71814,1.71845,1.37,1.00
2017.05.31 08:12:34.265,1.71817,1.71848,1.37,1.50
2017.05.31 08:12:34.452,1.71814,1.71848,1.87,1.84
2017.05.31 08:12:35.010,1.71814,1.71848,3.37,2.59
2017.05.31 08:12:35.111,1.71814,1.71848,3.37,1.84
2017.05.31 08:12:35.633,1.71815,1.71848,1.37,1.84
2017.05.31 08:12:36.263,1.71816,1.71848,1.37,1.00
2017.05.31 08:12:36.364,1.71814,1.71848,3.37,1.50
2017.05.31 08:12:37.117,1.71814,1.71847,1.37,1.00
2017.05.31 08:12:37.168,1.71814,1.71847,1.37,1.00
2017.05.31 08:12:37.219,1.71814,1.71847,1.12,1.00
2017.05.31 08:12:37.320,1.71814,1.71841,1.12,1.00
2017.05.31 08:12:37.624,1.71806,1.71838,1.37,3.34
2017.05.31 08:12:38.066,1.71803,1.71835,1.50,1.00
2017.05.31 08:12:38.851,1.71802,1.71835,2.62,1.34
2017.05.31 08:12:38.902,1.71803,1.71833,1.00,1.84
2017.05.31 08:12:39.005,1.71801,1.71833,2.25,2.62
2017.05.31 08:12:39.229,1.71802,1.71832,1.37,2.21
2017.05.31 08:12:39.280,1.71801,1.71831,1.12,2.59
2017.05.31 08:12:39.896,1.71801,1.71829,1.37,1.84
2017.05.31 08:12:40.413,1.71801,1.71829,1.37,1.50
2017.05.31 08:12:41.087,1.71801,1.71829,1.37,1.00
2017.05.31 08:12:41.606,1.71802,1.71832,1.37,2.25
2017.05.31 08:12:41.910,1.71802,1.71832,1.37,1.00
2017.05.31 08:12:41.962,1.71801,1.71834,3.00,1.00
2017.05.31 08:12:42.063,1.71801,1.71834,3.00,1.00
2017.05.31 08:12:42.557,1.71801,1.71832,2.62,1.00
2017.05.31 08:12:42.711,1.71801,1.71833,2.62,1.00
2017.05.31 08:12:42.762,1.71801,1.7183,2.62,1.00
2017.05.31 08:12:43.319,1.71801,1.71828,3.37,1.00
2017.05.31 08:12:44.148,1.71801,1.7183,2.62,1.00
2017.05.31 08:12:45.274,1.71802,1.7183,1.37,1.00
2017.05.31 08:12:45.786,1.71801,1.71831,1.37,1.09
2017.05.31 08:12:45.838,1.718,1.71827,1.50,1.84
2017.05.31 08:12:46.041,1.71802,1.71826,1.37,1.00
2017.05.31 08:12:46.567,1.71802,1.71828,1.12,1.75
2017.05.31 08:12:47.020,1.71799,1.7183,2.25,1.84
2017.05.31 08:12:47.398,1.71802,1.7183,1.87,1.50
2017.05.31 08:12:47.551,1.71802,1.71834,1.50,1.84
2017.05.31 08:12:48.168,1.71806,1.71833,1.37,1.00
2017.05.31 08:12:48.710,1.71802,1.71834,1.87,1.00
2017.05.31 08:12:49.299,1.71803,1.71833,2.62,1.00
2017.05.31 08:12:49.554,1.71807,1.71836,1.37,1.37
2017.05.31 08:12:50.634,1.71807,1.71837,1.37,1.50
2017.05.31 08:12:50.966,1.71807,1.71837,1.37,1.50
2017.05.31 08:12:51.394,1.71807,1.71837,1.37,2.59
2017.05.31 08:12:51.921,1.71807,1.71836,1.37,2.21
2017.05.31 08:12:52.619,1.71803,1.71836,1.37,2.21
2017.05.31 08:12:53.366,1.71803,1.71836,1.50,1.46
2017.05.31 08:12:54.027,1.71803,1.71836,1.37,2.21
2017.05.31 08:12:54.563,1.71803,1.71837,1.37,3.00
2017.05.31 08:12:55.206,1.71802,1.71837,2.62,4.84
2017.05.31 08:12:55.428,1.71802,1.71837,2.62,3.34
2017.05.31 08:12:56.295,1.71802,1.71836,1.87,1.71
2017.05.31 08:12:57.180,1.71802,1.71836,1.50,1.71
2017.05.31 08:12:57.231,1.71802,1.71836,1.50,1.71
2017.05.31 08:12:57.795,1.71806,1.71835,1.37,1.46
2017.05.31 08:12:58.336,1.71806,1.71836,1.37,1.37
2017.05.31 08:12:58.640,1.71811,1.71843,1.37,1.00
2017.05.31 08:13:00.348,1.71811,1.71841,1.37,1.34
2017.05.31 08:13:00.399,1.71811,1.71841,1.37,1.84
2017.05.31 08:13:00.450,1.71811,1.71836,1.00,1.84
2017.05.31 08:13:00.501,1.71808,1.71837,1.37,1.34
2017.05.31 08:13:00.553,1.71807,1.71837,1.12,1.84
2017.05.31 08:13:01.063,1.71807,1.71838,1.00,3.34
2017.05.31 08:13:01.610,1.71807,1.71837,1.50,3.34
2017.05.31 08:13:01.733,1.71807,1.71837,1.50,1.84
2017.05.31 08:13:02.283,1.71807,1.71838,1.50,3.34
2017.05.31 08:13:03.082,1.71806,1.71836,1.12,1.84
2017.05.31 08:13:04.214,1.71806,1.71837,1.12,1.84
2017.05.31 08:13:04.759,1.71806,1.71836,1.12,1.84
2017.05.31 08:13:05.420,1.71806,1.71833,1.37,1.34
2017.05.31 08:13:05.674,1.71807,1.71836,1.12,1.34
2017.05.31 08:13:05.724,1.71807,1.71836,1.87,1.84
2017.05.31 08:13:05.776,1.71807,1.71836,1.87,1.50
2017.05.31 08:13:05.827,1.71807,1.71836,1.87,1.09
2017.05.31 08:13:05.929,1.71806,1.71836,1.87,1.34
2017.05.31 08:13:06.030,1.71807,1.71838,1.37,1.34
2017.05.31 08:13:06.081,1.71807,1.71838,1.37,1.34
2017.05.31 08:13:06.224,1.7181,1.71839,1.00,1.09
2017.05.31 08:13:06.554,1.71811,1.71841,1.37,1.00
2017.05.31 08:13:07.143,1.71811,1.71842,1.87,1.00
2017.05.31 08:13:07.771,1.71811,1.71842,1.37,1.00
2017.05.31 08:13:08.605,1.71811,1.71844,1.37,1.09
2017.05.31 08:13:10.439,1.71811,1.71844,1.87,1.09
2017.05.31 08:13:11.288,1.7181,1.71842,2.25,1.00
2017.05.31 08:13:11.816,1.71811,1.71843,1.37,1.12
2017.05.31 08:13:12.120,1.71814,1.71844,1.87,1.00
2017.05.31 08:13:12.642,1.71814,1.71844,1.87,1.00
2017.05.31 08:13:13.148,1.71814,1.71846,3.37,1.84
2017.05.31 08:13:13.996,1.71814,1.71846,1.87,1.00
2017.05.31 08:13:15.854,1.71815,1.71846,1.50,1.00
2017.05.31 08:13:18.180,1.71815,1.71846,2.25,1.00
2017.05.31 08:13:22.210,1.71814,1.71846,4.50,1.00
2017.05.31 08:13:22.261,1.71814,1.71846,3.75,1.00
2017.05.31 08:13:24.894,1.71814,1.71846,3.00,1.00
2017.05.31 08:13:26.519,1.71814,1.71846,2.62,1.00
2017.05.31 08:13:27.415,1.71815,1.71846,1.87,1.00
2017.05.31 08:13:28.007,1.71815,1.71846,1.87,1.00
2017.05.31 08:13:28.635,1.71815,1.71848,1.87,1.50
2017.05.31 08:13:29.589,1.71815,1.71848,1.87,1.00
2017.05.31 08:13:34.744,1.71815,1.71844,1.87,1.00
2017.05.31 08:13:37.415,1.71815,1.71844,1.87,1.00
2017.05.31 08:13:37.516,1.71814,1.71842,1.12,1.00
2017.05.31 08:13:37.567,1.71809,1.71842,2.25,1.84
2017.05.31 08:13:37.618,1.71809,1.71836,1.37,1.34
2017.05.31 08:13:37.923,1.71808,1.71836,1.37,1.34
2017.05.31 08:13:37.974,1.71808,1.71835,1.37,1.09
2017.05.31 08:13:38.025,1.71808,1.71835,1.37,1.34
2017.05.31 08:13:39.017,1.71809,1.71835,1.37,1.34
2017.05.31 08:13:39.414,1.71805,1.7183,1.00,1.34
2017.05.31 08:13:39.618,1.71801,1.71827,1.00,1.34
2017.05.31 08:13:40.041,1.71801,1.71828,1.37,1.34
2017.05.31 08:13:40.092,1.71801,1.71828,1.37,1.34
2017.05.31 08:13:40.632,1.71801,1.71829,1.37,1.84
2017.05.31 08:13:41.396,1.71801,1.71829,1.37,1.84
2017.05.31 08:13:42.413,1.71801,1.71829,1.37,1.84
2017.05.31 08:13:42.994,1.71801,1.71829,1.37,1.84
2017.05.31 08:13:43.524,1.71801,1.71829,1.37,1.84
2017.05.31 08:13:45.243,1.71801,1.71829,1.37,1.84
2017.05.31 08:13:45.294,1.71801,1.71829,1.00,1.84
2017.05.31 08:13:45.688,1.71802,1.71832,1.37,1.84
2017.05.31 08:13:45.992,1.71798,1.71826,1.37,1.34
2017.05.31 08:13:46.297,1.71802,1.71832,2.62,1.00
2017.05.31 08:13:46.885,1.71802,1.71833,1.87,1.00
2017.05.31 08:13:46.967,1.71802,1.71833,1.87,1.00
2017.05.31 08:13:47.208,1.71802,1.71833,1.87,1.00
2017.05.31 08:13:47.498,1.7181,1.71843,1.50,1.87
2017.05.31 08:13:48.095,1.7181,1.71843,2.62,1.12
2017.05.31 08:13:48.652,1.71814,1.71844,1.37,1.87
2017.05.31 08:13:49.186,1.71814,1.71844,1.37,1.37
2017.05.31 08:13:49.494,1.71814,1.71844,1.37,1.37
2017.05.31 08:13:50.258,1.71814,1.71845,1.37,1.50
2017.05.31 08:13:50.412,1.7182,1.71853,1.37,1.69
2017.05.31 08:13:50.514,1.71821,1.71855,2.21,1.50
2017.05.31 08:13:50.616,1.71822,1.71856,1.46,1.50
2017.05.31 08:13:50.920,1.71824,1.71855,1.37,1.34
2017.05.31 08:13:51.466,1.71823,1.71853,1.37,1.00
2017.05.31 08:13:51.770,1.7182,1.71851,1.37,1.00
2017.05.31 08:13:52.347,1.71819,1.71852,1.87,1.50
2017.05.31 08:13:53.288,1.71822,1.71854,1.50,1.84
2017.05.31 08:13:53.390,1.7183,1.71857,1.00,1.00
2017.05.31 08:13:53.543,1.71827,1.71855,1.50,1.00
2017.05.31 08:13:53.644,1.71826,1.71856,1.87,1.00
2017.05.31 08:13:54.125,1.71824,1.71855,1.37,1.00
2017.05.31 08:13:54.686,1.71822,1.71855,3.00,1.50
2017.05.31 08:13:54.738,1.71822,1.71855,3.00,1.09
2017.05.31 08:13:54.839,1.71822,1.71853,2.25,1.00
2017.05.31 08:13:55.042,1.71821,1.71852,1.87,1.09
2017.05.31 08:13:55.568,1.71823,1.71852,1.37,1.00
2017.05.31 08:13:56.083,1.71819,1.71852,2.62,1.00
2017.05.31 08:13:57.696,1.71821,1.71852,1.37,1.00
2017.05.31 08:13:58.606,1.71819,1.71852,1.87,1.00
2017.05.31 08:13:58.860,1.71819,1.71852,2.62,1.00
2017.05.31 08:13:59.481,1.7182,1.71852,1.37,1.00
2017.05.31 08:14:00.084,1.7182,1.71852,1.37,1.00
2017.05.31 08:14:00.641,1.7182,1.71852,1.37,1.09
2017.05.31 08:14:01.251,1.71821,1.71852,1.37,1.00
2017.05.31 08:14:01.353,1.71819,1.71852,1.37,1.00
2017.05.31 08:14:01.454,1.71818,1.71852,1.50,3.71
2017.05.31 08:14:01.997,1.71819,1.71849,1.37,1.34
2017.05.31 08:14:02.048,1.71817,1.71848,1.87,1.34
2017.05.31 08:14:03.009,1.71817,1.71848,1.37,1.37
2017.05.31 08:14:03.894,1.71817,1.71848,1.37,1.37
2017.05.31 08:14:05.544,1.71816,1.71849,1.37,3.34
2017.05.31 08:14:06.078,1.71817,1.71848,1.87,1.37
2017.05.31 08:14:06.816,1.71815,1.71845,1.87,1.00
2017.05.31 08:14:06.867,1.71815,1.71845,1.12,1.34
2017.05.31 08:14:07.019,1.71816,1.71844,1.37,1.09
2017.05.31 08:14:07.766,1.71816,1.71844,1.12,1.09
2017.05.31 08:14:08.115,1.71817,1.71848,1.87,1.46
2017.05.31 08:14:08.420,1.71817,1.71848,2.62,2.21
2017.05.31 08:14:08.521,1.71818,1.71848,1.37,1.46
2017.05.31 08:14:09.022,1.71819,1.71848,1.87,1.12
2017.05.31 08:14:09.708,1.7182,1.71848,1.00,1.87
2017.05.31 08:14:10.219,1.71819,1.71848,1.12,1.12
2017.05.31 08:14:10.584,1.71822,1.71848,1.00,1.12
2017.05.31 08:14:10.989,1.71812,1.71841,1.37,1.34
2017.05.31 08:14:11.040,1.71806,1.71838,1.75,1.71
2017.05.31 08:14:11.446,1.71806,1.71836,1.37,1.46
2017.05.31 08:14:11.649,1.71804,1.71836,2.25,1.46
2017.05.31 08:14:11.970,1.71812,1.71839,1.37,1.00
2017.05.31 08:14:12.549,1.71812,1.71838,1.37,1.00
2017.05.31 08:14:13.006,1.71812,1.71839,1.00,1.84
2017.05.31 08:14:13.517,1.71812,1.71839,1.00,1.84
2017.05.31 08:14:14.488,1.71812,1.71839,1.00,1.84
2017.05.31 08:14:14.539,1.71812,1.71839,1.00,1.84
2017.05.31 08:14:14.918,1.71812,1.71839,1.37,1.34
2017.05.31 08:14:15.273,1.71807,1.71837,2.25,1.09
2017.05.31 08:14:15.324,1.71807,1.71837,2.25,1.34
2017.05.31 08:14:15.375,1.71807,1.71838,2.25,1.34
2017.05.31 08:14:15.427,1.71808,1.71839,2.25,1.34
2017.05.31 08:14:15.588,1.71807,1.71836,2.25,1.00
2017.05.31 08:14:16.318,1.71807,1.71837,1.50,1.09
2017.05.31 08:14:16.369,1.71807,1.71837,1.50,1.34
2017.05.31 08:14:16.420,1.71807,1.71837,1.50,1.34
2017.05.31 08:14:17.108,1.71807,1.71837,1.50,1.34
2017.05.31 08:14:19.092,1.71806,1.71837,1.87,1.34
2017.05.31 08:14:19.677,1.71806,1.71837,1.87,1.34
2017.05.31 08:14:19.845,1.71811,1.71839,1.37,1.34
2017.05.31 08:14:20.597,1.71811,1.71838,1.37,1.00
2017.05.31 08:14:21.553,1.71807,1.71838,2.25,1.09
2017.05.31 08:14:21.655,1.71812,1.71838,1.37,1.00
2017.05.31 08:14:22.039,1.71812,1.71838,1.37,1.09
2017.05.31 08:14:24.665,1.71807,1.71838,1.50,1.34
2017.05.31 08:14:24.869,1.71807,1.71839,1.50,1.09
2017.05.31 08:14:24.970,1.71807,1.71837,1.50,1.00
2017.05.31 08:14:25.382,1.71807,1.71837,1.50,1.00
2017.05.31 08:14:25.534,1.71807,1.71836,1.50,1.00
2017.05.31 08:14:25.830,1.71807,1.71835,1.50,1.34
2017.05.31 08:14:25.881,1.71806,1.71832,1.12,1.00
2017.05.31 08:14:26.563,1.71807,1.71833,1.00,1.00
2017.05.31 08:14:26.821,1.71806,1.71832,1.12,1.00
2017.05.31 08:14:27.394,1.71803,1.71832,2.25,1.00
2017.05.31 08:14:31.907,1.71805,1.71833,1.37,1.00
2017.05.31 08:14:32.751,1.71805,1.71833,1.37,1.09
2017.05.31 08:14:33.362,1.71805,1.71833,1.12,1.09
2017.05.31 08:14:35.252,1.71803,1.71832,1.37,1.00
2017.05.31 08:14:36.687,1.71803,1.71833,1.37,1.09
2017.05.31 08:14:37.267,1.71803,1.71832,1.87,1.00
2017.05.31 08:14:38.109,1.71804,1.71833,1.37,1.09
2017.05.31 08:14:38.963,1.71804,1.71832,1.37,1.00
2017.05.31 08:14:39.620,1.71805,1.71833,1.00,1.09
2017.05.31 08:14:40.189,1.71805,1.71833,1.12,1.34
2017.05.31 08:14:40.957,1.71805,1.71833,1.37,1.09
2017.05.31 08:14:41.261,1.71802,1.71827,2.25,1.34
2017.05.31 08:14:41.573,1.71801,1.71825,1.12,1.34
2017.05.31 08:14:41.726,1.71799,1.71826,1.87,1.09
2017.05.31 08:14:41.828,1.71799,1.71825,1.87,1.00
2017.05.31 08:14:41.981,1.71801,1.71828,1.12,1.46
2017.05.31 08:14:42.032,1.71801,1.71827,1.75,1.84
2017.05.31 08:14:42.515,1.71801,1.71825,1.00,1.00
2017.05.31 08:14:42.718,1.71799,1.71823,1.87,1.09
2017.05.31 08:14:45.599,1.718,1.71823,1.87,1.00
2017.05.31 08:14:46.439,1.718,1.71823,1.37,1.00
2017.05.31 08:14:46.812,1.718,1.71821,1.37,1.00
2017.05.31 08:14:47.395,1.71799,1.71821,1.37,1.00
2017.05.31 08:14:47.702,1.7179,1.71818,1.12,1.00
2017.05.31 08:14:47.825,1.7179,1.71815,1.37,1.00
2017.05.31 08:14:47.879,1.71783,1.71812,1.87,1.00
2017.05.31 08:14:47.930,1.71781,1.7181,1.12,1.00
2017.05.31 08:14:48.084,1.71779,1.71809,1.75,1.00
2017.05.31 08:14:48.238,1.71778,1.71809,2.62,1.00
2017.05.31 08:14:48.606,1.71796,1.71815,1.00,1.00
2017.05.31 08:14:48.657,1.71795,1.71817,1.00,1.00
2017.05.31 08:14:48.709,1.71795,1.71817,1.37,1.00
2017.05.31 08:14:48.760,1.718,1.71825,1.00,1.68
2017.05.31 08:14:48.964,1.71796,1.71819,1.50,1.12
2017.05.31 08:14:49.016,1.71796,1.71819,1.50,2.25
2017.05.31 08:14:49.624,1.71796,1.71816,1.00,1.00
2017.05.31 08:14:50.138,1.71791,1.71818,1.75,1.37
2017.05.31 08:14:51.090,1.71791,1.71818,1.75,1.00
2017.05.31 08:14:53.286,1.71791,1.71819,1.75,1.00
2017.05.31 08:14:53.846,1.71789,1.71818,1.87,1.00
2017.05.31 08:14:54.354,1.71789,1.71817,1.87,1.00
2017.05.31 08:14:55.955,1.71789,1.71818,1.87,1.00
2017.05.31 08:14:56.845,1.71789,1.71817,1.87,1.00
2017.05.31 08:14:58.832,1.71789,1.71818,1.87,1.00
2017.05.31 08:14:59.488,1.71789,1.71817,1.87,1.00
2017.05.31 08:15:01.063,1.71792,1.71818,1.37,1.00
2017.05.31 08:15:01.368,1.71798,1.71828,1.75,1.87
2017.05.31 08:15:01.419,1.71798,1.71828,1.75,1.50
2017.05.31 08:15:01.811,1.71799,1.71832,2.25,2.25
2017.05.31 08:15:02.342,1.71801,1.71831,1.50,1.12
2017.05.31 08:15:02.443,1.71801,1.71829,2.25,1.00
2017.05.31 08:15:03.213,1.71801,1.7183,2.25,1.00
2017.05.31 08:15:04.485,1.71801,1.71829,1.50,1.00
2017.05.31 08:15:05.121,1.71801,1.71829,1.50,1.00
2017.05.31 08:15:06.204,1.71802,1.71829,1.00,1.00
2017.05.31 08:15:06.256,1.71798,1.71825,1.75,1.00
2017.05.31 08:15:06.307,1.71798,1.71825,1.37,1.00
2017.05.31 08:15:06.358,1.71798,1.71821,1.00,1.09
2017.05.31 08:15:06.562,1.71796,1.71822,1.00,1.34
2017.05.31 08:15:06.714,1.71795,1.71818,1.00,1.00
2017.05.31 08:15:07.366,1.71789,1.71819,1.12,1.00
2017.05.31 08:15:08.137,1.7179,1.7182,1.12,1.00
2017.05.31 08:15:08.454,1.71799,1.71828,1.75,1.00
2017.05.31 08:15:08.607,1.71799,1.7183,1.75,1.00
2017.05.31 08:15:08.810,1.71799,1.71829,2.25,1.00
2017.05.31 08:15:09.228,1.71799,1.71827,1.75,1.00
2017.05.31 08:15:09.279,1.71799,1.71828,1.75,1.00
2017.05.31 08:15:09.432,1.71799,1.71824,1.37,1.00
2017.05.31 08:15:09.984,1.71796,1.71825,2.25,1.00
2017.05.31 08:15:10.541,1.71796,1.71824,1.75,1.00
2017.05.31 08:15:11.073,1.71799,1.71824,1.00,1.00
2017.05.31 08:15:11.427,1.71796,1.71824,1.00,1.50
2017.05.31 08:15:12.059,1.71792,1.71824,1.12,1.34
2017.05.31 08:15:12.765,1.71791,1.71824,2.62,1.00
2017.05.31 08:15:13.285,1.71792,1.71825,1.87,1.50
2017.05.31 08:15:13.822,1.71797,1.71825,1.00,1.50
