2016.04.11 15:00:00.039,1.87593,1.87623,2.59,1.00
2016.04.11 15:00:00.176,1.87594,1.87628,1.84,1.12
2016.04.11 15:00:00.278,1.87591,1.87626,1.87,2.25
2016.04.11 15:00:00.583,1.87591,1.87618,1.00,1.00
2016.04.11 15:00:00.931,1.87623,1.8764,1.00,1.00
2016.04.11 15:00:00.982,1.87624,1.87646,1.00,1.50
2016.04.11 15:00:01.185,1.8764,1.87646,1.00,1.00
2016.04.11 15:00:01.286,1.87644,1.87663,1.00,1.00
2016.04.11 15:00:01.388,1.87645,1.87668,1.00,1.00
2016.04.11 15:00:01.893,1.87644,1.87668,1.00,1.00
2016.04.11 15:00:01.994,1.87634,1.87666,1.00,1.37
2016.04.11 15:00:02.096,1.87629,1.87662,1.00,1.00
2016.04.11 15:00:02.197,1.87628,1.87659,1.00,1.00
2016.04.11 15:00:02.450,1.87622,1.87656,1.00,1.00
2016.04.11 15:00:02.569,1.87621,1.87652,1.87,1.00
2016.04.11 15:00:02.671,1.87621,1.87654,1.12,1.00
2016.04.11 15:00:02.773,1.87622,1.87652,1.00,1.00
2016.04.11 15:00:02.874,1.87623,1.87655,1.00,1.00
2016.04.11 15:00:03.133,1.87625,1.87656,1.00,1.00
2016.04.11 15:00:03.441,1.87622,1.87643,1.37,1.00
2016.04.11 15:00:03.492,1.87611,1.87642,1.37,1.00
2016.04.11 15:00:03.543,1.87611,1.8764,1.00,1.00
2016.04.11 15:00:03.594,1.87606,1.8764,1.00,1.50
2016.04.11 15:00:03.695,1.87603,1.87637,2.25,1.00
2016.04.11 15:00:04.200,1.87602,1.87636,1.75,1.00
2016.04.11 15:00:05.548,1.87601,1.87633,2.25,1.00
2016.04.11 15:00:05.857,1.876,1.87628,1.75,1.00
2016.04.11 15:00:05.958,1.87595,1.87626,1.00,1.00
2016.04.11 15:00:06.025,1.87594,1.87622,1.12,1.00
2016.04.11 15:00:06.076,1.87594,1.87625,1.12,1.00
2016.04.11 15:00:06.481,1.87594,1.87622,1.12,1.00
2016.04.11 15:00:06.982,1.87592,1.87623,1.50,1.00
2016.04.11 15:00:07.185,1.87593,1.87626,1.37,1.00
2016.04.11 15:00:07.447,1.87593,1.87626,1.37,1.37
2016.04.11 15:00:07.750,1.87577,1.8761,1.12,1.00
2016.04.11 15:00:07.801,1.87577,1.87606,1.12,1.00
2016.04.11 15:00:08.311,1.87576,1.87607,1.50,1.00
2016.04.11 15:00:08.614,1.87586,1.8762,1.00,1.75
2016.04.11 15:00:08.665,1.87592,1.8762,1.00,1.75
2016.04.11 15:00:08.716,1.87592,1.87621,1.00,1.00
2016.04.11 15:00:08.822,1.87592,1.87621,1.37,1.00
2016.04.11 15:00:08.873,1.87594,1.87624,1.50,1.00
2016.04.11 15:00:09.025,1.87595,1.87629,1.87,1.00
2016.04.11 15:00:09.076,1.87597,1.87629,1.00,1.00
2016.04.11 15:00:09.405,1.87599,1.87631,1.00,1.12
2016.04.11 15:00:09.708,1.87584,1.87612,1.80,1.00
2016.04.11 15:00:09.777,1.87582,1.87612,1.00,1.00
2016.04.11 15:00:09.828,1.87582,1.87608,1.00,1.00
2016.04.11 15:00:10.030,1.87582,1.87612,1.00,1.00
2016.04.11 15:00:10.434,1.87582,1.8761,1.50,1.00
2016.04.11 15:00:10.648,1.87588,1.87617,1.00,1.00
2016.04.11 15:00:10.802,1.87588,1.8762,1.37,1.00
2016.04.11 15:00:11.206,1.87587,1.87618,1.50,1.50
2016.04.11 15:00:11.357,1.87584,1.87617,1.00,1.00
2016.04.11 15:00:11.762,1.87583,1.87609,1.00,1.00
2016.04.11 15:00:11.864,1.87577,1.87609,1.12,1.87
2016.04.11 15:00:11.915,1.87573,1.87604,2.25,1.00
2016.04.11 15:00:12.016,1.87578,1.8761,1.00,1.00
2016.04.11 15:00:12.118,1.87583,1.87614,1.00,1.37
2016.04.11 15:00:12.219,1.87583,1.87616,1.87,1.00
2016.04.11 15:00:12.421,1.87583,1.87614,1.87,1.00
2016.04.11 15:00:12.960,1.87583,1.87615,1.50,1.12
2016.04.11 15:00:13.263,1.87592,1.87622,1.00,1.00
2016.04.11 15:00:13.465,1.87595,1.87627,1.00,1.34
2016.04.11 15:00:13.680,1.87595,1.8763,1.50,1.12
2016.04.11 15:00:13.832,1.87595,1.87627,1.50,1.00
2016.04.11 15:00:14.135,1.87598,1.87627,1.00,1.00
2016.04.11 15:00:14.488,1.87597,1.87624,1.50,1.00
2016.04.11 15:00:14.791,1.87601,1.87624,1.00,1.00
2016.04.11 15:00:14.892,1.87601,1.87628,1.00,1.00
2016.04.11 15:00:14.994,1.87603,1.87628,1.00,1.00
2016.04.11 15:00:15.045,1.87603,1.87635,1.00,1.00
2016.04.11 15:00:15.095,1.87605,1.87635,1.00,1.00
2016.04.11 15:00:15.146,1.87605,1.87638,1.00,3.37
2016.04.11 15:00:15.348,1.87606,1.87634,2.25,1.00
2016.04.11 15:00:15.449,1.87608,1.87639,1.00,2.25
2016.04.11 15:00:16.129,1.87609,1.87639,1.00,2.25
2016.04.11 15:00:16.432,1.87623,1.87648,1.00,2.25
2016.04.11 15:00:16.584,1.87626,1.87653,1.00,1.00
2016.04.11 15:00:16.736,1.87624,1.87652,1.00,1.00
2016.04.11 15:00:16.787,1.87624,1.87649,1.00,1.00
2016.04.11 15:00:16.838,1.8762,1.87649,1.50,1.00
2016.04.11 15:00:17.141,1.87618,1.87649,1.50,1.00
2016.04.11 15:00:17.268,1.8762,1.87649,1.00,1.00
2016.04.11 15:00:17.723,1.87622,1.8765,1.00,1.00
2016.04.11 15:00:17.824,1.87621,1.87652,1.00,1.00
2016.04.11 15:00:18.027,1.87622,1.87654,1.00,1.50
2016.04.11 15:00:18.248,1.87627,1.87654,1.50,1.00
2016.04.11 15:00:18.552,1.87637,1.87664,1.00,1.00
2016.04.11 15:00:18.654,1.87632,1.87664,1.00,1.50
2016.04.11 15:00:18.707,1.87632,1.87661,1.00,1.00
2016.04.11 15:00:19.010,1.87631,1.87658,1.12,1.00
2016.04.11 15:00:19.313,1.8763,1.87656,1.50,1.00
2016.04.11 15:00:19.671,1.87629,1.87656,1.00,1.00
2016.04.11 15:00:19.826,1.87626,1.87656,1.12,1.00
2016.04.11 15:00:19.981,1.87626,1.87652,1.12,1.00
2016.04.11 15:00:20.133,1.87625,1.87654,3.00,1.00
2016.04.11 15:00:20.236,1.87625,1.8765,2.25,1.00
2016.04.11 15:00:20.539,1.87613,1.87636,1.37,1.50
2016.04.11 15:00:20.590,1.87613,1.87636,1.00,1.50
2016.04.11 15:00:20.641,1.87612,1.87633,1.00,1.50
2016.04.11 15:00:20.857,1.87608,1.87636,1.00,1.00
2016.04.11 15:00:20.908,1.87606,1.87636,1.12,1.00
2016.04.11 15:00:20.959,1.87606,1.87631,1.12,1.00
2016.04.11 15:00:21.060,1.876,1.87629,1.37,1.00
2016.04.11 15:00:21.263,1.87603,1.87624,1.00,1.00
2016.04.11 15:00:21.391,1.87605,1.87628,1.00,1.00
2016.04.11 15:00:21.443,1.87608,1.87634,1.00,1.00
2016.04.11 15:00:21.948,1.87606,1.87635,1.50,1.00
2016.04.11 15:00:22.469,1.87604,1.87634,1.75,1.00
2016.04.11 15:00:22.772,1.87603,1.87634,1.00,1.00
2016.04.11 15:00:22.974,1.87601,1.87632,1.00,1.00
2016.04.11 15:00:23.296,1.87598,1.87628,1.75,1.00
2016.04.11 15:00:23.449,1.87598,1.8763,2.25,1.00
2016.04.11 15:00:23.550,1.87598,1.87632,1.75,1.50
2016.04.11 15:00:24.054,1.87601,1.87633,1.00,1.00
2016.04.11 15:00:24.161,1.87597,1.87629,1.75,1.00
2016.04.11 15:00:24.313,1.87595,1.87629,1.50,1.50
2016.04.11 15:00:24.767,1.87597,1.87629,1.37,1.00
2016.04.11 15:00:25.083,1.87601,1.87632,1.00,1.00
2016.04.11 15:00:25.391,1.87605,1.87636,1.50,1.00
2016.04.11 15:00:25.594,1.87603,1.87636,1.50,1.50
2016.04.11 15:00:25.695,1.87603,1.87633,1.00,1.00
2016.04.11 15:00:26.000,1.87587,1.87619,1.00,1.87
2016.04.11 15:00:26.051,1.87584,1.87619,1.34,1.87
2016.04.11 15:00:26.102,1.87584,1.87619,1.34,1.75
2016.04.11 15:00:26.455,1.87581,1.87611,1.34,1.00
2016.04.11 15:00:26.847,1.87577,1.87609,1.71,1.00
2016.04.11 15:00:26.899,1.87577,1.87609,1.37,1.00
2016.04.11 15:00:27.104,1.87576,1.87609,1.00,1.50
2016.04.11 15:00:27.257,1.87573,1.87605,1.00,1.00
2016.04.11 15:00:27.559,1.87573,1.87603,1.00,1.00
2016.04.11 15:00:27.862,1.87576,1.87603,1.00,1.00
2016.04.11 15:00:28.064,1.87579,1.87608,1.00,1.87
2016.04.11 15:00:28.165,1.87585,1.87614,1.00,2.25
2016.04.11 15:00:28.216,1.87589,1.87617,1.12,1.12
2016.04.11 15:00:28.267,1.87593,1.87621,1.00,2.25
2016.04.11 15:00:28.318,1.87593,1.87622,1.00,1.00
2016.04.11 15:00:28.520,1.87594,1.87622,1.75,1.09
2016.04.11 15:00:28.725,1.87594,1.87625,1.75,1.00
2016.04.11 15:00:29.179,1.87594,1.87628,1.75,1.50
2016.04.11 15:00:29.331,1.87594,1.87628,2.25,1.87
2016.04.11 15:00:29.691,1.87596,1.87628,1.00,1.50
2016.04.11 15:00:29.994,1.87598,1.87628,1.00,1.00
2016.04.11 15:00:30.297,1.876,1.8763,1.85,1.00
2016.04.11 15:00:30.621,1.876,1.87622,1.10,1.00
2016.04.11 15:00:30.773,1.87592,1.8762,1.85,1.00
2016.04.11 15:00:31.806,1.87589,1.87619,1.00,1.50
2016.04.11 15:00:32.449,1.87588,1.87619,1.87,1.00
2016.04.11 15:00:32.550,1.87587,1.87619,3.45,1.00
2016.04.11 15:00:32.702,1.87595,1.87627,1.12,1.50
2016.04.11 15:00:32.752,1.876,1.87627,1.00,1.00
2016.04.11 15:00:32.803,1.876,1.87629,1.00,1.50
2016.04.11 15:00:32.955,1.87602,1.87628,1.00,1.00
2016.04.11 15:00:33.006,1.87602,1.87631,1.00,1.00
2016.04.11 15:00:33.057,1.876,1.87628,1.10,1.00
2016.04.11 15:00:33.209,1.8759,1.87621,1.75,1.00
2016.04.11 15:00:33.913,1.8759,1.87624,1.75,1.00
2016.04.11 15:00:34.367,1.87591,1.87625,1.09,1.00
2016.04.11 15:00:34.519,1.87604,1.87634,1.12,1.00
2016.04.11 15:00:34.620,1.87604,1.87637,1.12,1.00
2016.04.11 15:00:35.207,1.87604,1.87638,1.87,1.00
2016.04.11 15:00:35.258,1.87604,1.87632,1.00,1.00
2016.04.11 15:00:35.308,1.876,1.87632,1.00,1.00
2016.04.11 15:00:35.359,1.87603,1.87632,1.00,1.00
2016.04.11 15:00:35.666,1.87609,1.87631,1.00,1.00
2016.04.11 15:00:35.717,1.87609,1.87634,1.00,1.00
2016.04.11 15:00:35.768,1.87606,1.87634,1.00,1.00
2016.04.11 15:00:36.273,1.876,1.87633,1.00,1.12
2016.04.11 15:00:36.324,1.87599,1.8763,1.50,1.75
2016.04.11 15:00:36.478,1.87597,1.87627,1.00,1.12
2016.04.11 15:00:36.528,1.87595,1.87625,1.50,1.00
2016.04.11 15:00:36.831,1.87595,1.87623,1.00,1.00
2016.04.11 15:00:37.134,1.87599,1.87625,1.00,1.00
2016.04.11 15:00:37.437,1.87604,1.87627,1.00,1.00
2016.04.11 15:00:37.638,1.87607,1.87631,1.00,1.00
2016.04.11 15:00:37.740,1.87602,1.87629,1.00,1.00
2016.04.11 15:00:37.841,1.876,1.87627,1.00,1.00
2016.04.11 15:00:38.145,1.87597,1.87623,1.87,1.00
2016.04.11 15:00:38.651,1.87597,1.87624,1.87,1.00
2016.04.11 15:00:39.156,1.87595,1.87625,1.75,1.00
2016.04.11 15:00:39.258,1.87595,1.87625,1.00,1.00
2016.04.11 15:00:39.574,1.87592,1.87625,2.32,1.00
2016.04.11 15:00:39.676,1.87592,1.87623,1.00,1.50
2016.04.11 15:00:39.919,1.87582,1.87615,1.50,1.37
2016.04.11 15:00:40.171,1.87584,1.87615,1.00,1.37
2016.04.11 15:00:40.322,1.87588,1.87619,1.00,1.12
2016.04.11 15:00:40.373,1.87592,1.87619,1.00,1.12
2016.04.11 15:00:40.525,1.87592,1.87624,1.50,1.00
2016.04.11 15:00:40.626,1.8759,1.87624,1.00,2.25
2016.04.11 15:00:40.782,1.87587,1.8762,1.00,1.87
2016.04.11 15:00:41.035,1.87586,1.87617,1.00,1.00
2016.04.11 15:00:41.338,1.8759,1.8762,1.00,1.87
2016.04.11 15:00:41.439,1.87596,1.87628,1.00,1.00
2016.04.11 15:00:41.490,1.87598,1.87628,1.00,1.00
2016.04.11 15:00:41.541,1.876,1.87631,1.00,2.25
2016.04.11 15:00:41.642,1.876,1.87633,1.00,1.00
2016.04.11 15:00:41.895,1.87603,1.87633,1.00,1.12
2016.04.11 15:00:41.946,1.87603,1.87636,1.00,1.00
2016.04.11 15:00:42.299,1.87602,1.87629,1.00,1.50
2016.04.11 15:00:42.451,1.87597,1.87629,1.00,3.00
2016.04.11 15:00:42.806,1.87602,1.87628,1.00,1.75
2016.04.11 15:00:42.958,1.87603,1.87634,1.00,2.25
2016.04.11 15:00:43.059,1.87606,1.87633,1.00,1.50
2016.04.11 15:00:43.563,1.87607,1.87633,1.00,1.50
2016.04.11 15:00:44.106,1.87604,1.87634,1.00,1.75
2016.04.11 15:00:44.650,1.87605,1.87634,1.00,1.75
2016.04.11 15:00:44.853,1.87607,1.87634,1.00,1.75
2016.04.11 15:00:45.414,1.87606,1.87633,1.00,1.50
2016.04.11 15:00:45.465,1.87605,1.87633,1.00,1.00
2016.04.11 15:00:45.617,1.87608,1.87638,1.00,1.87
2016.04.11 15:00:46.165,1.87611,1.87642,1.00,3.00
2016.04.11 15:00:46.644,1.87606,1.87639,1.00,1.50
2016.04.11 15:00:46.745,1.87606,1.87634,1.00,1.00
2016.04.11 15:00:47.251,1.8761,1.87637,1.00,1.00
2016.04.11 15:00:47.353,1.87612,1.87642,1.00,1.50
2016.04.11 15:00:48.446,1.87611,1.87642,1.50,1.00
2016.04.11 15:00:48.699,1.87609,1.87642,1.00,1.50
2016.04.11 15:00:49.212,1.87607,1.8764,1.50,1.00
2016.04.11 15:00:49.565,1.87609,1.87641,1.00,1.00
2016.04.11 15:00:50.300,1.87609,1.87641,1.37,1.00
2016.04.11 15:00:50.352,1.87611,1.87643,1.00,1.00
2016.04.11 15:00:50.856,1.87612,1.87643,1.00,2.25
2016.04.11 15:00:51.670,1.87609,1.87643,1.00,1.50
2016.04.11 15:00:52.174,1.87609,1.87641,1.50,1.00
2016.04.11 15:00:52.479,1.87612,1.87643,1.00,2.25
2016.04.11 15:00:52.882,1.87614,1.87645,1.00,2.25
2016.04.11 15:00:53.186,1.87625,1.87653,1.00,1.75
2016.04.11 15:00:53.287,1.87625,1.87656,1.00,2.62
2016.04.11 15:00:53.489,1.87622,1.87656,1.50,1.12
2016.04.11 15:00:53.604,1.87624,1.87656,1.00,1.12
2016.04.11 15:00:53.911,1.87626,1.87657,1.00,1.87
2016.04.11 15:00:54.365,1.87627,1.87658,1.00,1.00
2016.04.11 15:00:54.466,1.87626,1.8766,1.00,1.00
2016.04.11 15:00:54.668,1.87627,1.87663,1.00,1.87
2016.04.11 15:00:54.720,1.87629,1.87663,1.00,1.87
2016.04.11 15:00:55.024,1.87621,1.87648,1.75,1.00
2016.04.11 15:00:55.075,1.87618,1.87648,1.50,1.00
2016.04.11 15:00:55.176,1.87613,1.87648,1.00,3.00
2016.04.11 15:00:55.328,1.87611,1.87645,1.50,1.50
2016.04.11 15:00:55.829,1.87612,1.87644,1.00,1.12
2016.04.11 15:00:56.334,1.87614,1.87644,1.00,1.12
2016.04.11 15:00:56.485,1.87611,1.87645,1.00,1.50
2016.04.11 15:00:56.996,1.8761,1.87644,1.00,1.12
2016.04.11 15:00:57.097,1.8761,1.87644,1.00,2.25
2016.04.11 15:00:57.198,1.87607,1.87643,1.00,1.75
2016.04.11 15:00:57.401,1.87605,1.8764,1.50,1.37
2016.04.11 15:00:57.502,1.87608,1.87639,1.00,1.12
2016.04.11 15:00:58.021,1.87609,1.87645,1.00,2.25
2016.04.11 15:00:58.626,1.87611,1.87645,1.00,1.00
2016.04.11 15:00:58.955,1.87613,1.87648,1.87,1.00
2016.04.11 15:00:59.461,1.87613,1.8765,1.87,1.12
2016.04.11 15:00:59.612,1.87613,1.87645,1.37,1.00
2016.04.11 15:00:59.764,1.87609,1.87644,1.00,1.75
2016.04.11 15:00:59.866,1.87606,1.87643,1.50,1.50
2016.04.11 15:01:00.370,1.87607,1.87642,1.00,2.62
2016.04.11 15:01:01.127,1.87609,1.87642,1.00,1.37
2016.04.11 15:01:01.379,1.87606,1.87641,1.00,1.12
2016.04.11 15:01:01.632,1.87608,1.87643,1.00,1.50
2016.04.11 15:01:01.935,1.87611,1.87644,1.00,1.75
2016.04.11 15:01:01.985,1.87611,1.87646,1.50,1.00
2016.04.11 15:01:02.036,1.87613,1.87648,1.00,3.37
2016.04.11 15:01:02.389,1.87615,1.87649,1.00,1.50
2016.04.11 15:01:02.541,1.87613,1.87648,1.50,1.12
2016.04.11 15:01:03.338,1.87613,1.87631,1.00,1.00
2016.04.11 15:01:03.389,1.87609,1.87628,1.00,1.00
2016.04.11 15:01:03.440,1.87604,1.87628,1.00,1.00
2016.04.11 15:01:03.491,1.87598,1.87629,1.12,1.50
2016.04.11 15:01:03.740,1.87598,1.87631,1.87,2.25
2016.04.11 15:01:03.847,1.87602,1.87631,1.00,1.50
2016.04.11 15:01:04.205,1.87597,1.87632,2.25,1.00
2016.04.11 15:01:04.255,1.87597,1.87629,2.25,1.00
2016.04.11 15:01:04.777,1.87597,1.87625,1.12,1.00
2016.04.11 15:01:04.929,1.8759,1.87621,1.00,1.50
2016.04.11 15:01:04.980,1.87588,1.8762,1.00,1.12
2016.04.11 15:01:05.081,1.8759,1.8762,1.00,1.12
2016.04.11 15:01:05.537,1.87588,1.8762,1.00,1.12
2016.04.11 15:01:05.588,1.87592,1.87622,1.00,1.75
2016.04.11 15:01:05.791,1.8759,1.87619,1.00,1.00
2016.04.11 15:01:05.893,1.87584,1.87612,1.37,1.00
2016.04.11 15:01:05.944,1.87584,1.87612,1.00,1.00
2016.04.11 15:01:05.994,1.87577,1.8761,1.37,1.12
2016.04.11 15:01:06.046,1.87577,1.8761,1.00,1.12
2016.04.11 15:01:06.098,1.87574,1.87605,1.84,1.00
2016.04.11 15:01:06.433,1.87563,1.87598,1.46,1.00
2016.04.11 15:01:06.787,1.87562,1.87596,1.09,1.50
2016.04.11 15:01:06.837,1.87561,1.87596,2.25,1.50
2016.04.11 15:01:06.939,1.87561,1.87594,1.50,1.00
2016.04.11 15:01:07.292,1.87559,1.8759,1.00,1.37
2016.04.11 15:01:07.508,1.87537,1.87573,1.50,1.50
2016.04.11 15:01:07.610,1.87541,1.87573,1.00,2.25
2016.04.11 15:01:07.762,1.87537,1.87573,2.25,2.25
2016.04.11 15:01:08.065,1.87541,1.87573,1.00,2.25
2016.04.11 15:01:08.520,1.87537,1.87573,2.25,1.12
2016.04.11 15:01:08.570,1.87537,1.87569,1.50,1.50
2016.04.11 15:01:08.621,1.87534,1.87569,2.62,1.50
2016.04.11 15:01:08.722,1.87534,1.8757,1.00,3.37
2016.04.11 15:01:08.823,1.87532,1.87567,1.00,1.50
2016.04.11 15:01:08.874,1.87531,1.87564,1.00,1.00
2016.04.11 15:01:09.277,1.87534,1.87563,1.00,1.00
2016.04.11 15:01:09.516,1.87536,1.87568,1.00,1.00
2016.04.11 15:01:09.617,1.8754,1.87571,1.00,1.00
2016.04.11 15:01:09.819,1.87538,1.87571,1.00,1.00
2016.04.11 15:01:10.324,1.87537,1.8757,1.00,1.00
2016.04.11 15:01:10.434,1.87536,1.87572,2.25,1.12
2016.04.11 15:01:10.737,1.87534,1.87571,4.12,1.00
2016.04.11 15:01:11.723,1.87538,1.87573,1.00,1.50
2016.04.11 15:01:12.026,1.87538,1.87571,1.00,1.75
2016.04.11 15:01:12.228,1.87536,1.87571,1.00,2.25
2016.04.11 15:01:12.435,1.87534,1.87567,1.00,1.00
2016.04.11 15:01:12.940,1.87535,1.8757,1.00,1.75
2016.04.11 15:01:13.526,1.87536,1.8757,1.00,1.75
2016.04.11 15:01:14.234,1.87529,1.87564,1.50,1.12
2016.04.11 15:01:14.285,1.87529,1.87559,1.50,1.00
2016.04.11 15:01:14.335,1.87525,1.87559,1.87,1.00
2016.04.11 15:01:14.456,1.87525,1.8756,1.12,1.75
2016.04.11 15:01:14.558,1.87527,1.87562,1.50,1.50
2016.04.11 15:01:14.862,1.87529,1.87564,1.12,2.25
2016.04.11 15:01:15.165,1.87535,1.87565,1.12,1.00
2016.04.11 15:01:15.288,1.87543,1.87572,1.00,1.00
2016.04.11 15:01:15.440,1.87547,1.87578,1.00,1.50
2016.04.11 15:01:15.542,1.87547,1.87576,1.50,1.00
2016.04.11 15:01:15.744,1.87541,1.87573,1.12,1.00
2016.04.11 15:01:15.846,1.87542,1.87577,1.00,1.00
2016.04.11 15:01:15.947,1.87546,1.87579,1.00,1.00
2016.04.11 15:01:16.358,1.87547,1.87581,1.00,1.50
2016.04.11 15:01:16.762,1.87548,1.87581,1.00,1.75
2016.04.11 15:01:16.964,1.87546,1.8758,1.00,1.75
2016.04.11 15:01:17.368,1.87546,1.87575,1.00,1.00
2016.04.11 15:01:17.418,1.8754,1.87575,1.75,1.00
2016.04.11 15:01:17.469,1.87536,1.87572,1.00,2.25
2016.04.11 15:01:17.672,1.87538,1.87572,1.00,1.75
2016.04.11 15:01:17.975,1.87539,1.87572,1.50,1.00
2016.04.11 15:01:18.076,1.87539,1.87572,1.50,1.00
2016.04.11 15:01:18.278,1.87538,1.87573,2.25,1.00
2016.04.11 15:01:18.732,1.87541,1.87572,1.00,1.00
2016.04.11 15:01:18.783,1.87541,1.87577,1.00,1.75
2016.04.11 15:01:18.985,1.87537,1.87577,1.75,1.12
2016.04.11 15:01:19.503,1.87538,1.87574,2.25,1.00
2016.04.11 15:01:19.554,1.87538,1.8757,1.50,1.00
2016.04.11 15:01:19.656,1.87537,1.87569,1.00,1.00
2016.04.11 15:01:19.757,1.87533,1.87568,1.37,1.00
2016.04.11 15:01:20.079,1.87534,1.8757,1.12,1.12
2016.04.11 15:01:20.181,1.87533,1.87567,1.37,1.00
2016.04.11 15:01:20.484,1.8753,1.87562,1.75,1.00
2016.04.11 15:01:20.637,1.87529,1.87564,2.62,1.50
2016.04.11 15:01:21.037,1.87532,1.87566,1.50,1.50
2016.04.11 15:01:21.341,1.87532,1.87568,1.50,1.00
2016.04.11 15:01:21.392,1.87533,1.8757,1.87,1.87
2016.04.11 15:01:21.493,1.87538,1.87571,1.00,1.87
2016.04.11 15:01:21.948,1.87543,1.87573,1.00,1.50
2016.04.11 15:01:22.115,1.87543,1.87575,1.00,1.00
2016.04.11 15:01:22.166,1.87546,1.87575,1.00,1.00
2016.04.11 15:01:22.267,1.8754,1.87574,1.12,1.00
2016.04.11 15:01:22.772,1.8754,1.87576,1.12,1.12
2016.04.11 15:01:22.974,1.87548,1.87578,1.00,1.50
2016.04.11 15:01:23.075,1.87555,1.87584,1.00,1.12
2016.04.11 15:01:23.163,1.87557,1.87588,1.00,1.75
2016.04.11 15:01:23.265,1.87556,1.87591,1.00,1.50
2016.04.11 15:01:24.269,1.87556,1.87589,1.00,1.00
2016.04.11 15:01:24.774,1.87551,1.87581,1.75,1.00
2016.04.11 15:01:24.976,1.87551,1.87579,1.00,2.25
2016.04.11 15:01:25.077,1.87542,1.87579,1.50,1.50
2016.04.11 15:01:25.128,1.87547,1.87579,1.34,1.50
2016.04.11 15:01:25.431,1.87562,1.87594,1.00,1.75
2016.04.11 15:01:25.936,1.87563,1.87599,1.50,2.25
2016.04.11 15:01:25.994,1.87563,1.87599,1.50,1.87
2016.04.11 15:01:26.197,1.87561,1.87594,1.37,1.00
2016.04.11 15:01:26.500,1.8756,1.87592,2.25,1.00
2016.04.11 15:01:26.803,1.87557,1.87583,1.00,1.00
2016.04.11 15:01:26.904,1.8755,1.87582,1.12,1.75
2016.04.11 15:01:27.052,1.87545,1.87582,1.00,1.75
2016.04.11 15:01:27.204,1.87552,1.87582,1.00,1.75
2016.04.11 15:01:27.608,1.87555,1.87583,1.00,1.75
2016.04.11 15:01:27.760,1.8756,1.87587,1.00,1.00
2016.04.11 15:01:27.811,1.87564,1.87587,1.00,1.00
2016.04.11 15:01:27.963,1.87564,1.87589,1.00,1.00
2016.04.11 15:01:28.113,1.87563,1.87595,1.00,1.75
2016.04.11 15:01:28.215,1.87561,1.87595,1.50,1.75
2016.04.11 15:01:28.417,1.87562,1.87594,1.37,1.75
2016.04.11 15:01:28.468,1.87564,1.87594,1.37,1.00
2016.04.11 15:01:28.519,1.87572,1.87603,1.00,1.75
2016.04.11 15:01:28.569,1.87572,1.87603,1.12,1.00
2016.04.11 15:01:28.671,1.87573,1.87608,1.50,1.12
2016.04.11 15:01:28.722,1.87573,1.87603,1.50,1.00
2016.04.11 15:01:28.823,1.87575,1.87609,1.00,1.50
2016.04.11 15:01:29.107,1.87573,1.87609,1.50,1.87
2016.04.11 15:01:29.410,1.87568,1.87599,1.00,1.00
2016.04.11 15:01:29.713,1.87566,1.87594,1.00,1.00
2016.04.11 15:01:29.971,1.87563,1.87594,1.00,1.00
2016.04.11 15:01:30.022,1.87562,1.87589,1.09,1.00
2016.04.11 15:01:30.174,1.87555,1.87586,1.00,1.00
2016.04.11 15:01:30.225,1.87553,1.87583,1.00,1.00
2016.04.11 15:01:30.276,1.8755,1.87583,1.00,1.50
2016.04.11 15:01:30.327,1.8755,1.87577,1.00,1.00
2016.04.11 15:01:30.378,1.87547,1.87576,1.00,1.00
2016.04.11 15:01:30.530,1.87542,1.87576,1.12,1.00
2016.04.11 15:01:30.732,1.87544,1.87576,1.00,1.00
2016.04.11 15:01:31.042,1.87549,1.87578,1.50,1.00
2016.04.11 15:01:31.093,1.87549,1.87582,1.50,1.75
2016.04.11 15:01:31.194,1.8755,1.87584,1.50,1.00
2016.04.11 15:01:31.296,1.87553,1.87584,1.00,1.00
2016.04.11 15:01:31.347,1.87553,1.87586,1.00,1.00
2016.04.11 15:01:31.842,1.87553,1.87586,1.37,1.00
2016.04.11 15:01:31.994,1.87559,1.87593,1.12,1.00
2016.04.11 15:01:32.347,1.8756,1.87591,1.00,1.00
2016.04.11 15:01:32.499,1.87557,1.8759,1.00,1.50
2016.04.11 15:01:32.550,1.87565,1.8759,1.00,1.50
2016.04.11 15:01:32.701,1.87568,1.876,1.00,1.00
2016.04.11 15:01:32.791,1.8757,1.876,1.00,1.00
2016.04.11 15:01:32.842,1.87568,1.87601,1.00,1.50
2016.04.11 15:01:32.994,1.87565,1.87601,1.00,1.50
2016.04.11 15:01:33.045,1.87569,1.876,1.00,1.00
2016.04.11 15:01:33.197,1.87568,1.87604,1.75,1.50
2016.04.11 15:01:33.298,1.87567,1.87602,2.25,1.00
2016.04.11 15:01:33.651,1.87567,1.87599,1.75,1.00
2016.04.11 15:01:33.905,1.87571,1.87604,1.12,1.00
2016.04.11 15:01:34.057,1.87575,1.87604,1.00,1.00
2016.04.11 15:01:34.360,1.87573,1.87604,1.50,1.00
2016.04.11 15:01:34.461,1.87578,1.87605,1.12,1.00
2016.04.11 15:01:34.663,1.87578,1.87608,1.00,1.00
2016.04.11 15:01:34.968,1.87576,1.87609,1.50,1.50
2016.04.11 15:01:35.069,1.87579,1.87603,1.00,1.00
2016.04.11 15:01:35.221,1.87577,1.87609,1.00,1.00
2016.04.11 15:01:35.272,1.87574,1.87609,1.50,1.00
2016.04.11 15:01:35.373,1.87577,1.87606,1.00,1.12
2016.04.11 15:01:35.677,1.87576,1.87603,1.00,1.00
2016.04.11 15:01:35.779,1.87576,1.87607,1.00,2.25
2016.04.11 15:01:35.982,1.87575,1.87609,1.00,2.25
2016.04.11 15:01:36.235,1.87576,1.87606,1.00,1.37
2016.04.11 15:01:37.609,1.87575,1.87607,1.50,1.75
2016.04.11 15:01:38.114,1.87573,1.87606,1.00,1.50
2016.04.11 15:01:38.618,1.87572,1.87604,1.00,1.12
2016.04.11 15:01:41.526,1.87574,1.87604,1.00,1.12
2016.04.11 15:01:41.887,1.87572,1.87597,1.00,1.00
2016.04.11 15:01:41.937,1.87567,1.87597,1.00,1.37
2016.04.11 15:01:41.988,1.87567,1.87588,1.00,1.00
2016.04.11 15:01:42.191,1.87552,1.87588,1.50,2.25
2016.04.11 15:01:42.293,1.87556,1.87587,1.00,1.50
2016.04.11 15:01:43.031,1.87553,1.87588,1.50,1.75
2016.04.11 15:01:43.536,1.87552,1.87586,1.00,1.37
2016.04.11 15:01:43.689,1.8755,1.87586,1.50,1.37
2016.04.11 15:01:43.842,1.87553,1.87586,1.00,1.37
2016.04.11 15:01:44.146,1.87555,1.87587,1.00,1.50
2016.04.11 15:01:44.298,1.87552,1.87588,2.25,2.25
2016.04.11 15:01:45.875,1.87551,1.87586,1.50,1.37
2016.04.11 15:01:45.926,1.87553,1.87583,1.00,1.00
2016.04.11 15:01:46.128,1.87551,1.87583,1.00,1.00
2016.04.11 15:01:46.637,1.87551,1.87584,1.00,1.50
2016.04.11 15:01:47.038,1.87553,1.87584,1.00,1.50
2016.04.11 15:01:47.543,1.87552,1.87584,1.00,1.00
2016.04.11 15:01:48.069,1.87553,1.87584,1.00,1.00
2016.04.11 15:01:48.423,1.87555,1.87585,1.50,1.12
2016.04.11 15:01:48.625,1.87559,1.87591,1.00,1.50
2016.04.11 15:01:49.143,1.87558,1.87592,1.00,1.50
2016.04.11 15:01:50.207,1.87561,1.87592,1.00,2.25
2016.04.11 15:01:50.409,1.87555,1.8759,1.50,3.00
2016.04.11 15:01:50.460,1.87555,1.87585,1.00,1.00
2016.04.11 15:01:50.511,1.87549,1.87585,1.00,1.75
2016.04.11 15:01:50.663,1.87555,1.87583,1.00,1.12
2016.04.11 15:01:50.853,1.87559,1.87592,1.00,1.75
2016.04.11 15:01:50.955,1.87562,1.87596,1.00,2.25
2016.04.11 15:01:51.514,1.87564,1.87596,1.00,1.00
2016.04.11 15:01:51.616,1.87566,1.87597,1.00,1.50
2016.04.11 15:01:51.919,1.8757,1.87597,1.00,1.00
2016.04.11 15:01:52.121,1.8757,1.87599,1.50,1.00
2016.04.11 15:01:52.172,1.8757,1.87602,1.50,1.12
2016.04.11 15:01:52.274,1.87574,1.87602,1.00,1.12
2016.04.11 15:01:52.577,1.87578,1.87605,1.50,1.00
2016.04.11 15:01:52.760,1.87579,1.87608,1.00,1.37
2016.04.11 15:01:53.164,1.87577,1.87608,1.00,1.37
2016.04.11 15:01:53.266,1.87579,1.87608,1.00,1.37
2016.04.11 15:01:53.519,1.87584,1.87615,1.00,1.12
2016.04.11 15:01:53.570,1.87586,1.87615,1.00,1.12
2016.04.11 15:01:54.060,1.87585,1.87621,2.25,1.37
2016.04.11 15:01:54.161,1.87587,1.87621,1.00,1.37
2016.04.11 15:01:54.671,1.87588,1.87621,1.00,1.37
2016.04.11 15:01:55.583,1.87587,1.8762,1.00,1.12
2016.04.11 15:01:55.890,1.87577,1.8761,1.50,1.00
2016.04.11 15:01:56.194,1.87576,1.8761,1.00,1.50
2016.04.11 15:01:56.778,1.87577,1.87613,1.00,2.25
2016.04.11 15:01:58.198,1.87576,1.87611,1.50,1.75
2016.04.11 15:01:58.526,1.87576,1.87611,2.25,1.00
2016.04.11 15:01:58.577,1.8758,1.87614,1.00,1.00
2016.04.11 15:01:58.879,1.87582,1.87614,1.00,1.00
2016.04.11 15:01:59.421,1.87583,1.87619,1.00,1.75
2016.04.11 15:01:59.724,1.87589,1.87621,1.00,1.50
2016.04.11 15:02:00.027,1.87594,1.87622,1.00,1.50
2016.04.11 15:02:00.077,1.8759,1.87623,1.00,1.00
2016.04.11 15:02:00.380,1.87592,1.87623,1.00,1.00
2016.04.11 15:02:00.532,1.87589,1.87624,1.87,1.12
2016.04.11 15:02:00.885,1.87587,1.87622,3.37,1.00
2016.04.11 15:02:01.271,1.87587,1.87622,2.25,1.37
2016.04.11 15:02:01.793,1.87584,1.87619,2.25,1.50
2016.04.11 15:02:02.096,1.87585,1.87621,1.50,1.00
2016.04.11 15:02:02.305,1.87585,1.87613,2.25,1.00
2016.04.11 15:02:02.408,1.87585,1.87618,2.25,1.00
2016.04.11 15:02:02.509,1.87585,1.87614,2.25,1.00
2016.04.11 15:02:02.611,1.87581,1.87614,2.25,1.00
2016.04.11 15:02:02.764,1.87582,1.87618,1.00,3.00
2016.04.11 15:02:02.966,1.87582,1.87613,1.50,1.00
2016.04.11 15:02:03.067,1.8758,1.87613,1.00,1.00
2016.04.11 15:02:03.219,1.87576,1.8761,1.84,1.00
2016.04.11 15:02:03.421,1.87577,1.87612,1.50,1.50
2016.04.11 15:02:03.678,1.87579,1.87614,1.12,1.00
2016.04.11 15:02:04.201,1.87581,1.87613,1.00,1.00
2016.04.11 15:02:04.524,1.87586,1.87614,1.00,1.00
2016.04.11 15:02:04.625,1.87588,1.87619,1.00,1.00
2016.04.11 15:02:04.731,1.87588,1.87614,1.00,1.00
2016.04.11 15:02:04.933,1.87586,1.87613,1.00,1.00
2016.04.11 15:02:05.454,1.87585,1.87613,1.00,1.00
2016.04.11 15:02:05.656,1.87582,1.87614,1.00,1.75
2016.04.11 15:02:05.708,1.87575,1.87609,1.50,1.00
2016.04.11 15:02:06.212,1.87572,1.87608,2.62,1.50
2016.04.11 15:02:06.722,1.87572,1.87607,2.62,1.00
2016.04.11 15:02:07.412,1.87574,1.87605,1.12,1.00
2016.04.11 15:02:07.818,1.87574,1.87603,1.12,1.00
2016.04.11 15:02:08.373,1.87572,1.87605,1.75,1.00
2016.04.11 15:02:08.475,1.87572,1.87605,1.00,1.50
2016.04.11 15:02:08.525,1.87572,1.87603,1.00,1.00
2016.04.11 15:02:08.627,1.8757,1.87604,1.00,1.00
2016.04.11 15:02:08.728,1.87568,1.87598,1.50,1.00
2016.04.11 15:02:08.992,1.87563,1.87597,1.50,1.50
2016.04.11 15:02:09.350,1.87566,1.87597,1.00,1.00
2016.04.11 15:02:10.054,1.87568,1.87597,1.00,1.00
2016.04.11 15:02:10.568,1.87567,1.87597,1.00,1.50
2016.04.11 15:02:10.775,1.87565,1.87597,1.00,1.50
2016.04.11 15:02:11.178,1.87563,1.87597,1.00,1.50
2016.04.11 15:02:11.978,1.87561,1.87597,1.50,2.25
2016.04.11 15:02:12.575,1.87562,1.87597,1.00,1.50
2016.04.11 15:02:12.726,1.87564,1.87597,1.00,1.50
2016.04.11 15:02:13.030,1.87566,1.87597,1.50,1.50
2016.04.11 15:02:13.333,1.87564,1.87597,1.00,1.50
2016.04.11 15:02:13.658,1.87564,1.87599,1.50,1.00
2016.04.11 15:02:14.187,1.87566,1.87599,1.00,1.00
2016.04.11 15:02:14.641,1.87568,1.87604,1.00,2.25
2016.04.11 15:02:14.843,1.87574,1.87608,1.00,1.87
2016.04.11 15:02:14.945,1.87572,1.87608,1.50,1.87
2016.04.11 15:02:15.492,1.87572,1.87605,1.50,1.00
2016.04.11 15:02:15.593,1.87572,1.87608,1.50,2.62
2016.04.11 15:02:15.812,1.87574,1.87607,1.00,1.00
2016.04.11 15:02:16.134,1.87576,1.8761,1.00,1.75
2016.04.11 15:02:16.293,1.87578,1.87612,1.00,1.00
2016.04.11 15:02:16.394,1.87576,1.87612,1.12,1.50
2016.04.11 15:02:17.151,1.87578,1.87612,1.00,1.00
2016.04.11 15:02:17.455,1.87582,1.87613,1.00,1.00
2016.04.11 15:02:17.759,1.87586,1.87618,1.50,1.00
2016.04.11 15:02:18.028,1.87587,1.87622,1.12,1.50
2016.04.11 15:02:19.152,1.87587,1.87618,1.12,1.00
2016.04.11 15:02:20.105,1.87586,1.87619,3.00,1.00
2016.04.11 15:02:20.368,1.87586,1.87622,3.00,1.00
2016.04.11 15:02:20.904,1.87586,1.87618,3.75,1.00
2016.04.11 15:02:21.240,1.87587,1.87623,1.12,1.87
2016.04.11 15:02:21.483,1.87589,1.87624,1.00,3.00
2016.04.11 15:02:22.919,1.87591,1.87623,1.00,1.12
2016.04.11 15:02:23.262,1.87595,1.87626,1.00,1.75
2016.04.11 15:02:23.766,1.87599,1.87626,1.00,1.75
2016.04.11 15:02:23.817,1.87599,1.87631,1.00,3.75
2016.04.11 15:02:23.918,1.87601,1.87631,1.00,3.00
2016.04.11 15:02:24.221,1.87603,1.87631,1.00,1.00
2016.04.11 15:02:24.525,1.87606,1.87634,1.50,1.00
2016.04.11 15:02:24.576,1.87606,1.87637,1.50,1.00
2016.04.11 15:02:24.627,1.87614,1.87637,1.00,1.00
2016.04.11 15:02:24.678,1.87614,1.87641,1.00,1.00
2016.04.11 15:02:24.857,1.87614,1.87648,1.50,1.50
2016.04.11 15:02:24.910,1.8762,1.87648,1.12,2.25
2016.04.11 15:02:25.064,1.8762,1.87651,1.00,1.12
2016.04.11 15:02:25.116,1.87618,1.87646,1.00,1.00
2016.04.11 15:02:25.318,1.87606,1.87639,1.00,1.00
2016.04.11 15:02:25.722,1.87604,1.87639,1.12,1.00
2016.04.11 15:02:26.256,1.87604,1.87638,1.12,1.00
2016.04.11 15:02:26.408,1.87603,1.87634,1.50,1.00
2016.04.11 15:02:26.610,1.87596,1.8763,1.00,1.37
2016.04.11 15:02:27.115,1.87598,1.87633,1.00,1.50
2016.04.11 15:02:27.368,1.87598,1.87635,2.25,1.00
2016.04.11 15:02:27.520,1.87598,1.87629,1.00,1.00
2016.04.11 15:02:27.823,1.87598,1.87622,1.00,1.00
2016.04.11 15:02:27.923,1.87598,1.87626,1.00,1.50
2016.04.11 15:02:27.974,1.87598,1.87624,1.00,1.00
2016.04.11 15:02:28.075,1.87598,1.87626,1.00,1.50
2016.04.11 15:02:28.126,1.87596,1.87626,1.00,1.50
2016.04.11 15:02:28.227,1.87591,1.87623,1.50,1.00
2016.04.11 15:02:28.731,1.87588,1.87622,1.75,1.50
2016.04.11 15:02:29.734,1.87589,1.87622,1.00,1.00
2016.04.11 15:02:29.886,1.87589,1.87624,1.00,1.87
2016.04.11 15:02:30.331,1.87595,1.87624,1.00,1.00
2016.04.11 15:02:30.483,1.87595,1.87627,1.00,1.00
2016.04.11 15:02:30.534,1.87599,1.87627,1.00,1.00
2016.04.11 15:02:30.585,1.87599,1.8763,1.00,1.00
2016.04.11 15:02:30.635,1.87599,1.8763,1.75,1.00
2016.04.11 15:02:30.686,1.87599,1.87635,1.75,1.50
2016.04.11 15:02:30.989,1.87605,1.87637,1.00,1.00
2016.04.11 15:02:31.342,1.87602,1.87637,1.00,1.00
2016.04.11 15:02:31.666,1.87599,1.87635,1.75,1.00
2016.04.11 15:02:31.868,1.8759,1.87626,1.37,1.00
2016.04.11 15:02:31.919,1.8759,1.87623,1.37,1.00
2016.04.11 15:02:32.355,1.87584,1.87623,3.00,1.50
2016.04.11 15:02:33.019,1.87585,1.87618,1.50,1.00
2016.04.11 15:02:33.120,1.8758,1.87618,1.00,3.00
2016.04.11 15:02:33.221,1.87577,1.87618,2.21,2.25
2016.04.11 15:02:34.605,1.87578,1.87616,1.00,1.50
2016.04.11 15:02:35.552,1.87576,1.87614,1.09,1.00
2016.04.11 15:02:36.102,1.87575,1.87613,2.25,1.50
2016.04.11 15:02:36.153,1.87575,1.87607,1.00,1.00
2016.04.11 15:02:36.204,1.87572,1.87607,1.00,1.50
2016.04.11 15:02:36.356,1.87571,1.87602,1.37,1.00
2016.04.11 15:02:36.457,1.87578,1.87612,1.00,1.00
2016.04.11 15:02:36.760,1.87578,1.87614,1.00,1.50
2016.04.11 15:02:37.050,1.87579,1.87612,1.00,1.00
2016.04.11 15:02:37.454,1.87578,1.87609,1.00,1.00
2016.04.11 15:02:37.756,1.87578,1.87606,1.00,1.00
2016.04.11 15:02:38.045,1.87578,1.87608,1.00,1.00
2016.04.11 15:02:38.096,1.87578,1.8761,1.00,1.00
2016.04.11 15:02:38.399,1.87578,1.87614,1.50,1.00
2016.04.11 15:02:38.450,1.87578,1.8761,1.00,1.00
2016.04.11 15:02:38.752,1.8758,1.8761,1.00,1.00
2016.04.11 15:02:38.803,1.87578,1.8761,1.00,1.00
2016.04.11 15:02:39.063,1.87575,1.8761,1.50,1.00
2016.04.11 15:02:39.114,1.87575,1.87608,1.00,1.00
2016.04.11 15:02:39.417,1.8758,1.87612,1.00,1.00
2016.04.11 15:02:39.956,1.8758,1.87613,1.50,1.00
2016.04.11 15:02:40.259,1.87571,1.87607,1.75,1.00
2016.04.11 15:02:40.360,1.8757,1.87601,1.00,1.00
2016.04.11 15:02:40.865,1.87571,1.87601,1.00,1.00
2016.04.11 15:02:41.570,1.87571,1.87602,1.00,1.00
2016.04.11 15:02:41.621,1.87566,1.87602,1.75,1.00
2016.04.11 15:02:41.975,1.87566,1.876,1.75,1.00
2016.04.11 15:02:42.290,1.87566,1.87603,1.75,1.00
2016.04.11 15:02:42.442,1.87566,1.87601,1.00,1.75
2016.04.11 15:02:42.975,1.87566,1.87598,1.00,1.00
2016.04.11 15:02:43.397,1.87561,1.87599,1.75,2.62
2016.04.11 15:02:43.448,1.87561,1.87595,1.75,1.00
2016.04.11 15:02:43.916,1.87561,1.87597,1.75,1.00
2016.04.11 15:02:44.632,1.87562,1.87598,1.50,1.00
2016.04.11 15:02:44.785,1.87565,1.87598,1.00,1.00
2016.04.11 15:02:46.592,1.87568,1.87599,1.00,1.12
2016.04.11 15:02:46.845,1.87574,1.87609,1.00,1.00
2016.04.11 15:02:47.098,1.87574,1.87604,1.50,1.00
2016.04.11 15:02:47.148,1.87572,1.87604,1.00,1.00
2016.04.11 15:02:47.250,1.8757,1.87605,1.00,1.12
2016.04.11 15:02:47.512,1.87571,1.87602,1.00,1.00
2016.04.11 15:02:48.243,1.87569,1.87601,1.50,1.00
2016.04.11 15:02:48.905,1.87568,1.87603,1.50,1.00
2016.04.11 15:02:49.209,1.87568,1.87598,1.00,1.00
2016.04.11 15:02:49.361,1.87566,1.87598,1.00,1.12
2016.04.11 15:02:49.453,1.87566,1.87594,1.00,1.00
2016.04.11 15:02:49.555,1.87564,1.87593,1.00,1.00
2016.04.11 15:02:49.657,1.87564,1.87596,1.00,1.50
2016.04.11 15:02:50.621,1.87564,1.87597,1.00,1.00
2016.04.11 15:02:50.823,1.87564,1.87595,1.00,1.00
2016.04.11 15:02:50.924,1.87563,1.87599,1.00,1.50
2016.04.11 15:02:52.154,1.87566,1.87599,1.00,2.25
2016.04.11 15:02:52.363,1.87564,1.87599,1.00,2.25
2016.04.11 15:02:52.452,1.87564,1.87596,1.00,1.00
2016.04.11 15:02:52.706,1.87553,1.87588,1.00,1.12
2016.04.11 15:02:52.858,1.87553,1.87585,1.00,1.00
2016.04.11 15:02:52.960,1.87553,1.87588,1.00,1.12
2016.04.11 15:02:53.755,1.87554,1.87589,1.00,1.50
2016.04.11 15:02:54.059,1.87551,1.87586,1.50,1.00
2016.04.11 15:02:55.262,1.87551,1.87585,1.50,1.00
2016.04.11 15:02:55.810,1.87551,1.87587,1.00,1.00
2016.04.11 15:02:55.911,1.8755,1.87582,1.87,1.00
2016.04.11 15:02:56.215,1.87562,1.87593,1.50,1.00
2016.04.11 15:02:56.517,1.87565,1.87596,1.00,1.00
2016.04.11 15:02:56.568,1.87563,1.87596,1.00,1.00
2016.04.11 15:02:57.073,1.87564,1.87596,1.00,1.00
2016.04.11 15:02:57.578,1.87563,1.87596,1.12,1.50
2016.04.11 15:02:58.426,1.87562,1.87593,2.25,1.00
2016.04.11 15:02:58.628,1.87551,1.87582,1.00,1.00
2016.04.11 15:02:58.679,1.87549,1.87582,1.00,1.00
2016.04.11 15:02:59.193,1.87551,1.87583,1.00,1.00
2016.04.11 15:02:59.603,1.87553,1.87584,1.00,1.12
2016.04.11 15:03:00.218,1.87554,1.87585,1.00,2.25
2016.04.11 15:03:00.723,1.87553,1.87585,1.50,2.25
2016.04.11 15:03:01.373,1.87554,1.87585,1.00,1.50
2016.04.11 15:03:01.882,1.87553,1.87585,1.00,1.50
2016.04.11 15:03:02.536,1.87552,1.87586,1.00,1.75
2016.04.11 15:03:03.698,1.87547,1.87584,1.50,1.12
2016.04.11 15:03:04.203,1.87548,1.87585,1.00,1.50
2016.04.11 15:03:04.254,1.87546,1.87585,1.12,1.50
2016.04.11 15:03:06.242,1.87546,1.87583,2.62,1.00
2016.04.11 15:03:06.948,1.87546,1.87581,1.12,1.00
2016.04.11 15:03:07.467,1.87546,1.87582,1.12,1.00
2016.04.11 15:03:07.771,1.87544,1.87577,1.00,1.12
2016.04.11 15:03:08.234,1.87542,1.87572,1.00,1.50
2016.04.11 15:03:08.537,1.87535,1.87565,1.75,1.00
2016.04.11 15:03:08.639,1.87535,1.87567,1.75,1.00
2016.04.11 15:03:08.690,1.87538,1.87569,1.00,1.00
2016.04.11 15:03:08.792,1.87538,1.87574,1.87,1.00
2016.04.11 15:03:08.843,1.87545,1.87576,1.00,1.12
2016.04.11 15:03:08.944,1.87545,1.87581,1.00,1.00
2016.04.11 15:03:09.096,1.87548,1.87583,1.00,1.50
2016.04.11 15:03:09.399,1.8755,1.87583,1.00,1.50
2016.04.11 15:03:09.500,1.87547,1.87583,1.00,1.50
2016.04.11 15:03:09.601,1.87549,1.87583,1.00,1.50
2016.04.11 15:03:09.916,1.87553,1.87587,1.12,1.00
2016.04.11 15:03:10.220,1.87549,1.87578,1.75,1.00
2016.04.11 15:03:10.372,1.87542,1.87577,1.00,1.00
2016.04.11 15:03:10.423,1.87542,1.87571,1.00,1.00
2016.04.11 15:03:10.576,1.87538,1.87572,1.00,1.00
2016.04.11 15:03:10.924,1.87539,1.87574,1.00,1.12
2016.04.11 15:03:11.327,1.87538,1.87574,1.37,1.00
2016.04.11 15:03:11.835,1.8754,1.87576,1.75,1.00
2016.04.11 15:03:11.886,1.87542,1.87578,1.12,1.12
2016.04.11 15:03:11.937,1.87542,1.87576,1.12,1.00
2016.04.11 15:03:12.442,1.87542,1.87575,1.12,1.00
2016.04.11 15:03:13.263,1.87539,1.87576,1.75,1.00
2016.04.11 15:03:13.565,1.87539,1.87574,1.00,1.00
2016.04.11 15:03:14.070,1.87538,1.87574,1.50,1.50
2016.04.11 15:03:14.678,1.87538,1.87572,1.00,1.00
2016.04.11 15:03:14.880,1.87531,1.87567,1.00,1.50
2016.04.11 15:03:15.032,1.87531,1.87564,1.00,1.00
2016.04.11 15:03:15.475,1.87531,1.87562,1.00,1.00
2016.04.11 15:03:16.081,1.8753,1.8756,1.12,1.50
2016.04.11 15:03:16.384,1.8752,1.87552,1.34,1.00
2016.04.11 15:03:16.687,1.87522,1.87557,1.34,1.00
2016.04.11 15:03:16.738,1.87522,1.8756,1.71,1.87
2016.04.11 15:03:16.788,1.87528,1.87563,1.12,1.00
2016.04.11 15:03:16.890,1.8753,1.87563,1.00,1.00
2016.04.11 15:03:17.193,1.87529,1.8756,1.00,1.00
2016.04.11 15:03:17.344,1.87523,1.8756,1.71,1.37
2016.04.11 15:03:17.497,1.87525,1.8756,1.34,1.00
2016.04.11 15:03:17.547,1.87523,1.8756,1.71,1.37
2016.04.11 15:03:17.977,1.87526,1.87562,1.09,1.00
2016.04.11 15:03:18.129,1.87526,1.8756,1.09,1.00
2016.04.11 15:03:18.534,1.87524,1.87562,1.75,1.00
2016.04.11 15:03:19.167,1.87526,1.87563,1.50,1.12
2016.04.11 15:03:19.470,1.87526,1.87561,1.50,1.00
2016.04.11 15:03:19.994,1.87523,1.8756,2.25,1.00
2016.04.11 15:03:20.884,1.87523,1.87559,1.50,1.00
2016.04.11 15:03:21.679,1.87522,1.87559,1.50,1.00
2016.04.11 15:03:22.206,1.87523,1.87559,1.00,1.00
2016.04.11 15:03:22.661,1.87522,1.87557,1.00,1.00
2016.04.11 15:03:23.246,1.87521,1.87557,1.00,1.00
2016.04.11 15:03:23.367,1.87521,1.87559,2.25,1.50
2016.04.11 15:03:23.519,1.87523,1.87558,1.00,1.00
2016.04.11 15:03:24.023,1.87524,1.87559,1.00,1.50
2016.04.11 15:03:24.332,1.87524,1.87561,1.75,1.00
2016.04.11 15:03:24.676,1.87527,1.87562,1.37,1.00
2016.04.11 15:03:24.929,1.87525,1.87562,1.50,1.00
2016.04.11 15:03:25.282,1.87523,1.87561,1.50,1.75
2016.04.11 15:03:25.333,1.8752,1.87557,3.00,1.12
2016.04.11 15:03:25.434,1.87518,1.87554,1.75,1.00
2016.04.11 15:03:25.740,1.87516,1.87551,1.75,1.00
2016.04.11 15:03:26.355,1.87516,1.87553,3.00,1.00
2016.04.11 15:03:26.406,1.87519,1.87555,1.75,1.00
2016.04.11 15:03:26.507,1.87524,1.87553,1.00,1.00
2016.04.11 15:03:26.966,1.8752,1.87552,1.87,1.37
2016.04.11 15:03:27.017,1.8752,1.87547,1.00,1.00
2016.04.11 15:03:27.068,1.87516,1.87547,1.00,1.00
2016.04.11 15:03:27.270,1.87514,1.87548,1.00,1.50
2016.04.11 15:03:27.371,1.87514,1.87548,1.00,1.87
2016.04.11 15:03:27.473,1.87511,1.87547,1.37,1.37
2016.04.11 15:03:27.675,1.87511,1.87548,2.25,1.00
2016.04.11 15:03:28.505,1.87517,1.87551,1.00,1.00
2016.04.11 15:03:28.606,1.87518,1.87548,1.00,1.00
2016.04.11 15:03:28.923,1.87517,1.87544,1.00,1.00
2016.04.11 15:03:29.175,1.87517,1.87549,1.00,1.00
2016.04.11 15:03:30.357,1.87516,1.87549,1.75,1.00
2016.04.11 15:03:30.459,1.87522,1.87554,3.00,1.00
2016.04.11 15:03:30.711,1.87525,1.87558,1.00,1.00
2016.04.11 15:03:30.813,1.87525,1.87554,1.00,1.00
2016.04.11 15:03:31.084,1.87516,1.87548,2.25,1.00
2016.04.11 15:03:32.295,1.8751,1.87548,3.00,1.00
2016.04.11 15:03:32.458,1.8751,1.87544,3.00,1.00
2016.04.11 15:03:33.122,1.8751,1.87548,3.00,1.00
2016.04.11 15:03:33.223,1.8751,1.87544,1.75,1.00
2016.04.11 15:03:35.820,1.8751,1.87543,1.37,1.00
2016.04.11 15:03:35.921,1.87507,1.87543,1.00,1.50
2016.04.11 15:03:36.073,1.87506,1.87541,1.09,1.50
2016.04.11 15:03:36.418,1.87506,1.87538,1.00,1.00
2016.04.11 15:03:37.842,1.87505,1.87538,1.37,1.71
2016.04.11 15:03:37.993,1.87489,1.87528,2.25,1.37
2016.04.11 15:03:38.095,1.8749,1.87529,1.37,2.62
2016.04.11 15:03:38.298,1.87489,1.87526,1.50,1.00
2016.04.11 15:03:38.350,1.87489,1.87526,1.75,1.00
2016.04.11 15:03:38.452,1.87489,1.87528,2.25,1.00
2016.04.11 15:03:38.604,1.87489,1.87528,3.00,1.37
2016.04.11 15:03:40.289,1.87489,1.87526,2.25,1.00
2016.04.11 15:03:40.795,1.87489,1.87527,1.50,1.12
2016.04.11 15:03:43.198,1.87489,1.87524,1.50,1.00
2016.04.11 15:03:43.501,1.87479,1.87517,1.00,2.25
2016.04.11 15:03:43.804,1.87479,1.87514,1.00,1.00
2016.04.11 15:03:44.056,1.87474,1.87514,1.87,2.25
2016.04.11 15:03:44.738,1.87476,1.87513,1.00,1.50
2016.04.11 15:03:44.839,1.87474,1.87513,1.87,1.50
2016.04.11 15:03:45.383,1.87474,1.87508,1.87,1.00
2016.04.11 15:03:45.788,1.87473,1.87504,1.50,1.00
2016.04.11 15:03:46.007,1.87473,1.87509,2.25,1.00
2016.04.11 15:03:46.057,1.87481,1.87509,1.00,1.00
2016.04.11 15:03:46.260,1.87481,1.87516,1.75,1.00
2016.04.11 15:03:46.660,1.87482,1.87519,1.75,1.50
2016.04.11 15:03:46.864,1.87481,1.87516,2.25,1.00
2016.04.11 15:03:47.171,1.87478,1.8751,1.50,1.00
2016.04.11 15:03:47.222,1.87478,1.87504,1.00,1.00
2016.04.11 15:03:47.323,1.87477,1.87508,1.37,1.00
2016.04.11 15:03:47.424,1.87476,1.87511,1.00,1.75
2016.04.11 15:03:47.627,1.87477,1.87507,1.00,1.00
2016.04.11 15:03:47.880,1.87467,1.87503,1.50,1.00
2016.04.11 15:03:47.931,1.87471,1.87503,1.00,1.00
2016.04.11 15:03:48.033,1.87466,1.87503,1.00,1.00
2016.04.11 15:03:48.234,1.87465,1.875,1.00,1.00
2016.04.11 15:03:48.758,1.87465,1.87499,1.00,1.00
2016.04.11 15:03:49.313,1.87465,1.87498,1.00,1.00
2016.04.11 15:03:51.571,1.87465,1.87497,1.00,1.00
2016.04.11 15:03:51.874,1.87465,1.875,1.50,1.50
2016.04.11 15:03:52.597,1.87465,1.87498,1.00,1.00
2016.04.11 15:03:53.274,1.87465,1.87495,1.00,1.00
2016.04.11 15:03:53.863,1.87462,1.87496,1.37,1.00
2016.04.11 15:03:53.965,1.87462,1.87495,1.00,1.00
2016.04.11 15:03:54.659,1.87458,1.87495,3.00,1.00
2016.04.11 15:03:54.861,1.87464,1.87496,1.00,1.50
2016.04.11 15:03:55.375,1.87464,1.87495,1.00,1.00
2016.04.11 15:03:56.056,1.87464,1.87499,1.50,1.50
2016.04.11 15:03:56.560,1.87463,1.87497,1.00,1.12
2016.04.11 15:03:57.083,1.87464,1.87496,1.00,1.00
2016.04.11 15:03:58.273,1.87459,1.87496,1.50,1.50
2016.04.11 15:03:58.777,1.87457,1.87495,1.75,2.25
2016.04.11 15:03:59.296,1.87457,1.87493,1.75,1.50
2016.04.11 15:03:59.347,1.87457,1.87493,1.37,1.87
2016.04.11 15:03:59.398,1.87457,1.87493,1.00,2.25
2016.04.11 15:03:59.499,1.87455,1.87484,1.00,1.00
2016.04.11 15:03:59.600,1.87443,1.8748,1.85,1.00
2016.04.11 15:03:59.651,1.87442,1.87477,2.25,1.00
2016.04.11 15:03:59.702,1.87438,1.87476,2.25,1.50
2016.04.11 15:03:59.803,1.87439,1.87472,2.25,1.00
2016.04.11 15:03:59.904,1.87438,1.87475,1.75,1.00
2016.04.11 15:04:01.389,1.87439,1.87474,2.25,1.00
2016.04.11 15:04:01.994,1.87448,1.87476,1.37,1.00
2016.04.11 15:04:02.095,1.87452,1.87486,1.00,1.37
2016.04.11 15:04:02.187,1.87452,1.87486,2.25,1.00
2016.04.11 15:04:02.339,1.87455,1.87492,1.87,1.12
2016.04.11 15:04:02.501,1.87458,1.87492,1.00,1.12
2016.04.11 15:04:02.857,1.87459,1.87492,1.37,1.00
2016.04.11 15:04:03.277,1.87456,1.87489,1.00,1.00
2016.04.11 15:04:03.429,1.87454,1.87485,1.00,1.00
2016.04.11 15:04:03.480,1.87448,1.87482,1.00,1.00
2016.04.11 15:04:03.531,1.87448,1.87478,1.00,1.00
2016.04.11 15:04:03.885,1.87447,1.8748,1.50,1.00
2016.04.11 15:04:03.986,1.87442,1.87479,1.00,1.00
2016.04.11 15:04:05.624,1.87448,1.8748,1.00,1.00
2016.04.11 15:04:05.725,1.87451,1.87487,1.87,1.00
2016.04.11 15:04:05.776,1.87451,1.87487,1.87,1.00
2016.04.11 15:04:05.928,1.87457,1.87489,1.00,1.00
2016.04.11 15:04:05.979,1.87457,1.87489,1.37,1.50
2016.04.11 15:04:06.282,1.87448,1.87481,1.75,1.50
2016.04.11 15:04:06.333,1.87448,1.87481,1.75,1.50
2016.04.11 15:04:06.692,1.8745,1.87486,1.12,1.12
2016.04.11 15:04:06.743,1.87457,1.87488,1.00,2.25
2016.04.11 15:04:06.895,1.87446,1.87479,1.50,1.00
2016.04.11 15:04:06.996,1.87444,1.87479,1.50,1.12
2016.04.11 15:04:07.048,1.87444,1.87479,1.00,1.50
2016.04.11 15:04:07.553,1.87445,1.87476,1.00,1.50
2016.04.11 15:04:08.306,1.87445,1.87475,1.00,1.00
2016.04.11 15:04:08.558,1.87445,1.87477,1.00,1.00
2016.04.11 15:04:09.215,1.87444,1.87478,1.00,2.25
2016.04.11 15:04:09.921,1.87446,1.87478,1.00,1.00
2016.04.11 15:04:10.240,1.87457,1.87488,1.00,1.50
2016.04.11 15:04:10.544,1.87457,1.87486,1.00,1.00
2016.04.11 15:04:11.182,1.87456,1.87483,1.37,1.00
2016.04.11 15:04:11.233,1.87453,1.87482,1.00,1.00
2016.04.11 15:04:11.435,1.87451,1.87482,1.00,1.00
2016.04.11 15:04:11.939,1.8745,1.87483,1.37,1.00
2016.04.11 15:04:12.343,1.87449,1.87486,2.25,1.00
2016.04.11 15:04:12.891,1.8745,1.87487,1.37,1.87
2016.04.11 15:04:13.143,1.87456,1.87487,1.00,1.12
2016.04.11 15:04:13.396,1.87456,1.87491,1.75,1.00
2016.04.11 15:04:13.943,1.87456,1.87496,2.25,1.50
2016.04.11 15:04:16.555,1.87458,1.87495,1.50,1.00
2016.04.11 15:04:17.340,1.8746,1.87495,1.00,1.00
2016.04.11 15:04:18.064,1.8746,1.87496,1.00,1.00
2016.04.11 15:04:18.216,1.8746,1.87497,3.00,1.00
2016.04.11 15:04:18.317,1.87464,1.875,1.50,1.00
2016.04.11 15:04:19.454,1.87465,1.87501,1.37,1.50
2016.04.11 15:04:20.300,1.87465,1.87503,1.37,1.87
2016.04.11 15:04:20.813,1.87465,1.87501,1.37,1.00
2016.04.11 15:04:21.456,1.87464,1.875,2.25,1.00
2016.04.11 15:04:21.960,1.87466,1.87498,1.12,1.00
2016.04.11 15:04:22.313,1.87466,1.87501,1.12,1.50
2016.04.11 15:04:22.364,1.87468,1.87501,1.00,1.00
2016.04.11 15:04:22.732,1.87468,1.87502,2.25,1.50
2016.04.11 15:04:24.395,1.87468,1.87503,1.75,1.87
2016.04.11 15:04:24.725,1.87468,1.87499,1.75,1.00
2016.04.11 15:04:24.826,1.87467,1.87499,1.00,1.87
2016.04.11 15:04:24.877,1.87467,1.87496,1.00,1.00
2016.04.11 15:04:24.928,1.87459,1.87496,1.75,1.37
2016.04.11 15:04:25.029,1.87456,1.8749,1.09,1.00
2016.04.11 15:04:25.131,1.87451,1.87487,2.21,1.00
2016.04.11 15:04:25.233,1.87459,1.87489,1.00,1.12
2016.04.11 15:04:25.334,1.8746,1.87491,1.00,1.50
2016.04.11 15:04:25.536,1.87459,1.87491,1.37,1.87
2016.04.11 15:04:25.840,1.87445,1.87471,1.84,1.00
2016.04.11 15:04:25.941,1.87438,1.87471,2.25,1.00
2016.04.11 15:04:26.253,1.87439,1.87475,1.50,1.37
2016.04.11 15:04:26.810,1.8744,1.87476,1.37,1.37
2016.04.11 15:04:27.062,1.8744,1.87472,1.87,1.00
2016.04.11 15:04:27.808,1.8744,1.87475,1.87,1.12
2016.04.11 15:04:27.976,1.8744,1.87472,1.87,1.00
2016.04.11 15:04:28.382,1.87441,1.87468,1.87,1.00
2016.04.11 15:04:28.584,1.87441,1.8747,1.12,1.00
2016.04.11 15:04:29.477,1.8744,1.87473,2.62,1.00
2016.04.11 15:04:29.527,1.87446,1.87473,1.00,1.00
2016.04.11 15:04:29.578,1.87446,1.87478,1.00,1.37
2016.04.11 15:04:29.931,1.87449,1.87478,1.00,1.00
2016.04.11 15:04:30.033,1.87449,1.87483,1.00,1.87
2016.04.11 15:04:30.084,1.87449,1.87483,1.75,1.50
2016.04.11 15:04:30.424,1.87457,1.87488,1.00,1.12
2016.04.11 15:04:31.232,1.87455,1.87487,1.00,1.37
2016.04.11 15:04:31.485,1.87447,1.8748,1.00,1.00
2016.04.11 15:04:31.687,1.87447,1.87483,1.00,3.00
2016.04.11 15:04:32.191,1.87447,1.87482,1.00,1.00
2016.04.11 15:04:32.457,1.87447,1.87482,1.50,1.37
2016.04.11 15:04:32.979,1.87447,1.87477,1.50,1.00
2016.04.11 15:04:33.182,1.87447,1.8748,1.00,1.00
2016.04.11 15:04:33.983,1.87444,1.87478,1.00,1.12
2016.04.11 15:04:34.286,1.87448,1.87479,1.00,1.00
2016.04.11 15:04:34.589,1.87448,1.87481,1.00,1.00
2016.04.11 15:04:34.847,1.87449,1.87475,1.00,1.00
2016.04.11 15:04:35.351,1.87448,1.87475,1.50,1.00
2016.04.11 15:04:36.541,1.87448,1.87478,1.00,1.37
2016.04.11 15:04:36.642,1.87448,1.87479,1.00,1.00
2016.04.11 15:04:36.694,1.87454,1.87479,1.00,1.00
2016.04.11 15:04:36.795,1.87448,1.87479,1.00,1.37
2016.04.11 15:04:36.846,1.87448,1.87475,1.00,1.00
2016.04.11 15:04:37.502,1.87448,1.87479,1.00,1.00
2016.04.11 15:04:37.604,1.87448,1.87479,1.00,1.37
2016.04.11 15:04:37.906,1.87448,1.87475,1.00,1.00
2016.04.11 15:04:37.957,1.87448,1.87479,1.00,1.37
2016.04.11 15:04:38.008,1.87448,1.87479,1.00,1.00
2016.04.11 15:04:38.059,1.87448,1.87482,1.00,1.00
2016.04.11 15:04:38.579,1.87448,1.87483,1.00,1.00
2016.04.11 15:04:38.697,1.87448,1.8748,1.00,1.00
2016.04.11 15:04:38.999,1.87448,1.87478,1.00,1.00
2016.04.11 15:04:39.806,1.87448,1.87475,1.00,1.00
2016.04.11 15:04:40.153,1.87448,1.87477,1.00,1.00
2016.04.11 15:04:40.254,1.87447,1.87473,1.00,1.00
2016.04.11 15:04:40.406,1.87439,1.8747,1.00,1.00
2016.04.11 15:04:40.930,1.87438,1.8747,1.87,1.50
2016.04.11 15:04:41.385,1.87438,1.87468,1.87,1.00
2016.04.11 15:04:41.914,1.87432,1.87467,2.25,1.00
2016.04.11 15:04:42.015,1.87433,1.87467,1.12,1.00
2016.04.11 15:04:42.116,1.87434,1.87469,1.00,1.12
2016.04.11 15:04:42.621,1.87435,1.87469,1.00,2.62
2016.04.11 15:04:43.213,1.87434,1.87469,1.50,1.87
2016.04.11 15:04:43.717,1.87435,1.8747,1.00,1.87
2016.04.11 15:04:44.015,1.87433,1.87469,1.12,1.12
2016.04.11 15:04:44.217,1.87439,1.87469,1.00,1.00
2016.04.11 15:04:44.752,1.87439,1.87468,1.00,1.12
2016.04.11 15:04:45.783,1.87439,1.8747,1.00,1.00
2016.04.11 15:04:46.087,1.87439,1.87473,1.00,1.00
2016.04.11 15:04:46.138,1.87439,1.87469,1.50,1.00
2016.04.11 15:04:46.372,1.87439,1.87472,1.50,1.37
2016.04.11 15:04:46.524,1.87439,1.87473,1.00,1.46
2016.04.11 15:04:46.853,1.87435,1.87449,1.00,1.00
2016.04.11 15:04:47.004,1.87434,1.87454,1.00,1.00
2016.04.11 15:04:47.509,1.87434,1.87453,1.00,1.00
2016.04.11 15:04:48.330,1.87434,1.87459,1.00,1.00
2016.04.11 15:04:50.402,1.87434,1.87463,1.00,1.00
2016.04.11 15:04:50.503,1.87434,1.87459,1.00,1.00
2016.04.11 15:04:50.655,1.87434,1.87464,1.00,1.00
2016.04.11 15:04:51.087,1.87434,1.87458,1.00,1.00
2016.04.11 15:04:51.188,1.87433,1.87467,1.00,2.25
2016.04.11 15:04:51.239,1.87438,1.87469,1.00,1.50
2016.04.11 15:04:51.544,1.87432,1.8746,1.87,1.50
2016.04.11 15:04:51.939,1.87433,1.8745,1.37,1.00
2016.04.11 15:04:52.242,1.87433,1.87439,1.00,1.00
2016.04.11 15:04:52.443,1.87433,1.87441,1.00,1.00
2016.04.11 15:04:53.468,1.8743,1.87437,1.00,1.00
2016.04.11 15:04:53.800,1.87425,1.87433,1.00,1.00
2016.04.11 15:04:54.581,1.87423,1.87433,1.00,1.50
2016.04.11 15:04:54.683,1.87418,1.87431,1.00,1.00
2016.04.11 15:04:54.734,1.87412,1.87431,1.00,1.00
2016.04.11 15:04:54.785,1.87412,1.87427,1.00,1.00
2016.04.11 15:04:55.098,1.87409,1.8742,1.00,1.00
2016.04.11 15:04:55.399,1.87411,1.87421,1.00,1.00
2016.04.11 15:04:55.682,1.87412,1.87423,1.00,1.00
2016.04.11 15:04:55.794,1.87411,1.87418,1.00,1.00
2016.04.11 15:04:56.274,1.87415,1.87423,1.00,1.00
2016.04.11 15:04:56.375,1.87425,1.87433,1.00,1.00
2016.04.11 15:04:56.426,1.87429,1.87438,1.00,1.37
2016.04.11 15:04:56.477,1.87429,1.87443,1.00,1.50
2016.04.11 15:04:56.579,1.87432,1.87438,1.00,1.00
2016.04.11 15:04:56.732,1.87433,1.87442,1.00,1.00
2016.04.11 15:04:56.985,1.87433,1.87443,1.00,1.00
2016.04.11 15:04:57.138,1.87432,1.87439,1.00,1.00
2016.04.11 15:04:57.340,1.87433,1.87444,1.00,1.00
2016.04.11 15:04:57.595,1.87433,1.87439,1.00,1.00
2016.04.11 15:04:57.696,1.87435,1.87448,1.00,1.50
2016.04.11 15:04:57.798,1.87434,1.87445,1.00,1.00
2016.04.11 15:04:58.106,1.87433,1.87443,1.00,1.00
2016.04.11 15:04:58.777,1.87434,1.87444,1.00,1.00
2016.04.11 15:04:58.878,1.87434,1.87447,1.00,1.00
2016.04.11 15:04:59.180,1.87434,1.87448,1.00,1.50
2016.04.11 15:04:59.484,1.87434,1.87444,1.00,1.00
2016.04.11 15:04:59.811,1.87432,1.87443,1.00,1.50
2016.04.11 15:05:00.266,1.8743,1.87441,1.00,3.00
2016.04.11 15:05:00.772,1.8743,1.87442,1.00,2.25
2016.04.11 15:05:00.873,1.87433,1.87444,1.00,1.50
2016.04.11 15:05:01.378,1.87435,1.87447,1.00,1.12
2016.04.11 15:05:01.617,1.87436,1.87449,1.00,1.00
2016.04.11 15:05:01.718,1.87435,1.87442,1.00,1.00
2016.04.11 15:05:01.924,1.87436,1.87451,1.00,1.00
2016.04.11 15:05:01.975,1.87434,1.87459,1.00,1.50
2016.04.11 15:05:02.484,1.87435,1.87458,1.00,1.00
2016.04.11 15:05:02.991,1.87435,1.8746,1.00,3.00
2016.04.11 15:05:03.143,1.87434,1.87463,1.00,1.00
2016.04.11 15:05:03.648,1.87434,1.87464,1.00,1.00
2016.04.11 15:05:03.749,1.87432,1.87468,1.50,1.50
2016.04.11 15:05:03.850,1.87434,1.87468,2.25,1.00
2016.04.11 15:05:04.153,1.87443,1.87473,1.75,1.00
2016.04.11 15:05:04.406,1.8744,1.87469,1.00,1.00
2016.04.11 15:05:04.561,1.87439,1.87464,1.00,1.00
2016.04.11 15:05:04.763,1.87433,1.87463,1.75,1.00
2016.04.11 15:05:04.864,1.87433,1.87463,1.87,1.00
2016.04.11 15:05:04.915,1.87432,1.87463,1.00,1.00
2016.04.11 15:05:05.067,1.87434,1.87463,1.00,1.00
2016.04.11 15:05:05.504,1.87434,1.87461,1.00,1.00
2016.04.11 15:05:05.807,1.87434,1.87453,1.00,1.00
2016.04.11 15:05:05.959,1.87433,1.87459,1.00,1.50
2016.04.11 15:05:06.345,1.87433,1.87454,1.00,1.00
2016.04.11 15:05:06.648,1.87436,1.87453,1.00,1.12
2016.04.11 15:05:07.153,1.87435,1.87453,1.00,1.12
2016.04.11 15:05:07.256,1.87435,1.87456,1.00,1.00
2016.04.11 15:05:07.611,1.87435,1.87454,1.00,1.00
2016.04.11 15:05:07.914,1.87435,1.87451,1.00,1.00
2016.04.11 15:05:08.223,1.87435,1.87448,1.00,1.00
2016.04.11 15:05:08.375,1.87435,1.87452,1.00,1.00
2016.04.11 15:05:08.728,1.87435,1.87458,1.00,2.25
2016.04.11 15:05:08.782,1.87435,1.87459,1.00,4.12
2016.04.11 15:05:08.833,1.87433,1.87459,1.00,2.25
2016.04.11 15:05:10.063,1.87433,1.87458,1.00,1.00
2016.04.11 15:05:10.573,1.87433,1.87459,1.00,1.00
2016.04.11 15:05:11.105,1.87433,1.87458,1.00,1.00
2016.04.11 15:05:14.572,1.87433,1.87459,1.00,1.00
2016.04.11 15:05:14.775,1.87433,1.87462,1.00,1.87
2016.04.11 15:05:14.927,1.87433,1.87463,1.00,1.00
2016.04.11 15:05:14.978,1.87433,1.87468,1.00,2.62
2016.04.11 15:05:15.030,1.87433,1.87468,2.25,1.00
2016.04.11 15:05:15.182,1.87433,1.8747,1.75,1.50
2016.04.11 15:05:15.233,1.87432,1.87468,1.50,1.00
2016.04.11 15:05:15.587,1.87436,1.87468,1.00,1.50
2016.04.11 15:05:15.689,1.87434,1.87468,1.00,1.00
2016.04.11 15:05:15.739,1.87433,1.8747,2.62,1.00
2016.04.11 15:05:16.052,1.87441,1.87475,1.50,1.00
2016.04.11 15:05:16.102,1.87441,1.87477,1.50,1.00
2016.04.11 15:05:16.712,1.87438,1.87475,1.50,1.37
2016.04.11 15:05:16.763,1.87438,1.87472,1.12,1.00
2016.04.11 15:05:17.117,1.87439,1.87474,1.00,1.12
2016.04.11 15:05:17.625,1.87439,1.87473,1.00,1.00
2016.04.11 15:05:18.230,1.87439,1.87475,1.00,1.37
2016.04.11 15:05:19.803,1.87439,1.87471,1.00,1.00
2016.04.11 15:05:20.109,1.87434,1.87464,1.00,1.87
2016.04.11 15:05:20.420,1.87434,1.87461,1.00,1.00
2016.04.11 15:05:20.967,1.87435,1.87461,1.00,1.12
2016.04.11 15:05:21.823,1.87435,1.87459,1.00,1.00
2016.04.11 15:05:22.288,1.87435,1.87462,1.00,1.37
2016.04.11 15:05:22.793,1.87435,1.87462,1.00,1.50
2016.04.11 15:05:22.843,1.87435,1.87459,1.00,1.00
2016.04.11 15:05:23.187,1.87435,1.87449,1.00,1.00
2016.04.11 15:05:23.591,1.87435,1.87451,1.00,1.00
2016.04.11 15:05:24.500,1.87435,1.87449,1.00,1.00
2016.04.11 15:05:24.803,1.87435,1.87452,1.00,1.37
2016.04.11 15:05:25.347,1.87435,1.87444,1.00,1.00
2016.04.11 15:05:25.650,1.8743,1.87437,1.00,1.00
2016.04.11 15:05:26.155,1.87431,1.8744,1.00,1.00
2016.04.11 15:05:26.481,1.87432,1.87443,1.00,1.00
2016.04.11 15:05:27.003,1.87433,1.87446,1.00,2.59
2016.04.11 15:05:27.457,1.87432,1.87441,1.00,1.12
2016.04.11 15:05:27.677,1.8742,1.87435,1.00,1.00
2016.04.11 15:05:27.879,1.8742,1.87442,1.00,2.62
2016.04.11 15:05:28.081,1.87431,1.87438,1.00,1.12
2016.04.11 15:05:28.661,1.8742,1.87437,1.00,1.00
2016.04.11 15:05:29.211,1.87419,1.87437,1.00,1.00
2016.04.11 15:05:29.312,1.87419,1.87434,1.00,1.00
2016.04.11 15:05:29.414,1.87419,1.87438,1.00,1.12
2016.04.11 15:05:29.869,1.87432,1.87443,1.00,1.75
2016.04.11 15:05:29.920,1.87432,1.87443,1.00,1.00
2016.04.11 15:05:30.315,1.87433,1.87445,1.00,1.50
2016.04.11 15:05:30.568,1.87436,1.87451,1.00,1.75
2016.04.11 15:05:30.669,1.87436,1.87451,1.00,1.00
2016.04.11 15:05:31.195,1.87436,1.8745,1.00,1.00
2016.04.11 15:05:31.468,1.87436,1.87453,1.00,1.00
2016.04.11 15:05:31.871,1.87435,1.87456,1.00,1.50
2016.04.11 15:05:32.397,1.87435,1.87457,1.00,1.00
2016.04.11 15:05:35.130,1.87435,1.87459,1.00,1.00
2016.04.11 15:05:35.332,1.87435,1.87452,1.00,1.00
2016.04.11 15:05:35.636,1.87435,1.87446,1.00,1.50
2016.04.11 15:05:36.183,1.87436,1.87447,1.00,1.00
2016.04.11 15:05:36.827,1.87435,1.87449,1.00,1.87
2016.04.11 15:05:37.483,1.87434,1.87449,1.00,1.87
2016.04.11 15:05:40.506,1.87436,1.87451,1.00,1.00
2016.04.11 15:05:40.963,1.87436,1.87449,1.00,1.37
2016.04.11 15:05:41.421,1.87433,1.87444,1.00,1.00
2016.04.11 15:05:41.724,1.87432,1.87439,1.00,1.00
2016.04.11 15:05:41.977,1.87433,1.87444,1.00,1.12
2016.04.11 15:05:42.504,1.87434,1.87445,1.00,1.00
2016.04.11 15:05:43.140,1.87435,1.87449,1.00,3.82
2016.04.11 15:05:45.498,1.87435,1.87443,1.00,1.00
2016.04.11 15:05:46.002,1.87433,1.87444,1.00,1.75
2016.04.11 15:05:48.081,1.87434,1.87444,1.00,1.75
2016.04.11 15:05:48.232,1.87435,1.87448,1.00,1.50
2016.04.11 15:05:48.770,1.87435,1.87449,1.00,1.75
2016.04.11 15:05:50.388,1.8743,1.87436,1.00,1.00
2016.04.11 15:05:50.439,1.87427,1.87436,1.00,1.57
2016.04.11 15:05:50.490,1.87425,1.87433,1.00,1.50
2016.04.11 15:05:50.642,1.87399,1.87412,1.50,1.00
2016.04.11 15:05:50.744,1.87402,1.87412,1.00,1.00
2016.04.11 15:05:50.795,1.87398,1.87412,1.00,1.50
2016.04.11 15:05:50.846,1.874,1.87412,1.00,1.50
2016.04.11 15:05:50.998,1.87381,1.87415,1.00,1.00
2016.04.11 15:05:51.048,1.87381,1.87416,1.37,1.37
2016.04.11 15:05:51.099,1.87391,1.87423,1.00,1.00
2016.04.11 15:05:51.201,1.87395,1.87423,1.00,1.00
2016.04.11 15:05:51.706,1.87396,1.87425,1.00,1.37
2016.04.11 15:05:52.059,1.87389,1.87425,1.00,1.37
2016.04.11 15:05:52.161,1.87389,1.87425,1.37,1.37
2016.04.11 15:05:52.212,1.87395,1.87428,1.00,1.00
2016.04.11 15:05:52.372,1.87397,1.87427,1.00,1.00
2016.04.11 15:05:52.423,1.87399,1.87432,1.00,1.75
2016.04.11 15:05:52.626,1.87399,1.87436,1.50,1.00
2016.04.11 15:05:53.300,1.874,1.87438,1.37,1.37
2016.04.11 15:05:53.800,1.87407,1.87442,1.00,1.75
2016.04.11 15:05:54.103,1.87417,1.87453,1.12,1.75
2016.04.11 15:05:54.154,1.87418,1.87455,1.00,1.87
2016.04.11 15:05:54.205,1.87418,1.87455,1.87,1.37
2016.04.11 15:05:54.255,1.8742,1.87455,1.00,1.00
2016.04.11 15:05:54.404,1.87417,1.87455,1.87,1.37
2016.04.11 15:05:54.456,1.87417,1.87455,1.50,1.75
2016.04.11 15:05:54.558,1.87415,1.87455,1.87,3.00
2016.04.11 15:05:55.156,1.87416,1.87455,1.00,2.25
2016.04.11 15:05:55.693,1.8742,1.87455,1.00,2.25
2016.04.11 15:05:55.895,1.87417,1.87453,1.87,1.75
2016.04.11 15:05:55.996,1.87419,1.87456,1.00,1.75
2016.04.11 15:05:56.299,1.87421,1.87455,1.00,1.75
2016.04.11 15:05:56.451,1.87427,1.87462,1.00,1.75
2016.04.11 15:05:56.597,1.87431,1.87458,1.00,1.00
2016.04.11 15:05:56.850,1.87416,1.87447,1.00,1.00
2016.04.11 15:05:57.103,1.87417,1.87452,1.50,1.75
2016.04.11 15:05:57.254,1.87422,1.87454,1.00,1.75
2016.04.11 15:05:57.355,1.87423,1.8746,1.37,1.75
2016.04.11 15:05:57.406,1.87426,1.87461,1.37,1.95
2016.04.11 15:05:57.457,1.87431,1.87461,1.12,1.00
2016.04.11 15:05:57.558,1.87431,1.87465,1.00,1.00
2016.04.11 15:05:58.197,1.87431,1.87463,1.00,1.00
2016.04.11 15:05:58.501,1.8743,1.87459,1.12,1.00
2016.04.11 15:05:58.846,1.87432,1.87464,1.00,2.25
2016.04.11 15:05:59.461,1.87427,1.87462,1.00,1.12
2016.04.11 15:05:59.563,1.87432,1.87463,1.00,1.50
2016.04.11 15:06:00.070,1.87429,1.87463,1.00,1.50
2016.04.11 15:06:00.121,1.87433,1.87464,1.00,1.75
2016.04.11 15:06:00.223,1.87434,1.87467,1.37,1.00
2016.04.11 15:06:00.273,1.87437,1.87467,1.00,1.00
2016.04.11 15:06:00.324,1.8744,1.87473,1.00,1.12
2016.04.11 15:06:00.375,1.8745,1.87473,1.00,1.12
2016.04.11 15:06:00.426,1.87443,1.87473,1.00,1.00
2016.04.11 15:06:00.829,1.87443,1.87475,1.00,1.87
2016.04.11 15:06:01.036,1.87443,1.87474,1.00,1.37
2016.04.11 15:06:01.188,1.87438,1.87471,1.00,1.75
2016.04.11 15:06:03.584,1.87435,1.87469,1.00,1.12
2016.04.11 15:06:03.634,1.87435,1.87464,1.00,1.00
2016.04.11 15:06:03.786,1.87427,1.87458,1.12,1.00
2016.04.11 15:06:04.038,1.87427,1.87453,1.00,1.00
2016.04.11 15:06:04.820,1.87427,1.87458,1.00,1.12
2016.04.11 15:06:05.022,1.87424,1.87458,1.00,1.12
2016.04.11 15:06:05.174,1.87421,1.87458,1.00,1.87
2016.04.11 15:06:05.571,1.87421,1.87454,1.00,1.00
2016.04.11 15:06:06.273,1.87421,1.87453,1.00,1.37
2016.04.11 15:06:06.774,1.87421,1.87453,1.00,1.87
2016.04.11 15:06:07.078,1.87412,1.87442,1.00,1.00
2016.04.11 15:06:07.280,1.87402,1.87436,1.00,1.50
2016.04.11 15:06:07.482,1.87399,1.87435,1.00,1.00
2016.04.11 15:06:07.785,1.87399,1.87433,1.00,1.00
2016.04.11 15:06:08.291,1.87398,1.87432,1.37,1.00
2016.04.11 15:06:08.443,1.87406,1.87439,1.00,1.00
2016.04.11 15:06:08.494,1.87406,1.87441,1.12,1.00
2016.04.11 15:06:08.747,1.87406,1.87443,1.37,1.00
2016.04.11 15:06:08.978,1.87411,1.87447,1.12,1.12
2016.04.11 15:06:09.029,1.87413,1.87447,1.00,1.12
2016.04.11 15:06:10.561,1.87411,1.87445,1.12,1.00
2016.04.11 15:06:10.864,1.87401,1.87433,1.00,1.00
2016.04.11 15:06:11.167,1.87395,1.8743,1.75,1.00
2016.04.11 15:06:12.504,1.874,1.87434,1.00,1.00
2016.04.11 15:06:13.215,1.87403,1.8744,1.00,2.25
2016.04.11 15:06:13.855,1.87401,1.87439,1.00,1.75
2016.04.11 15:06:14.368,1.87402,1.8744,1.00,1.75
2016.04.11 15:06:15.304,1.87406,1.87436,1.00,1.75
2016.04.11 15:06:15.406,1.87411,1.87444,1.12,1.00
2016.04.11 15:06:15.507,1.8741,1.87444,1.37,1.47
2016.04.11 15:06:15.609,1.87399,1.87432,1.00,1.75
2016.04.11 15:06:15.711,1.87397,1.87432,1.50,1.00
2016.04.11 15:06:15.761,1.87395,1.87428,1.75,1.00
2016.04.11 15:06:16.627,1.87393,1.87433,2.25,2.25
2016.04.11 15:06:16.829,1.87395,1.87428,1.75,1.00
2016.04.11 15:06:16.980,1.87395,1.87432,1.75,1.00
2016.04.11 15:06:17.525,1.87393,1.87433,1.75,3.00
2016.04.11 15:06:18.029,1.87393,1.87432,1.87,1.50
2016.04.11 15:06:19.236,1.874,1.87433,1.00,2.25
2016.04.11 15:06:19.488,1.874,1.87438,1.37,1.84
2016.04.11 15:06:19.640,1.87401,1.87438,1.75,1.37
2016.04.11 15:06:19.691,1.87405,1.8744,1.37,1.12
2016.04.11 15:06:20.589,1.87408,1.87443,1.00,1.75
2016.04.11 15:06:21.433,1.87409,1.87444,1.00,1.75
2016.04.11 15:06:21.728,1.87404,1.87435,1.12,1.12
2016.04.11 15:06:21.881,1.87396,1.87433,2.25,1.00
2016.04.11 15:06:21.932,1.87397,1.87431,1.50,1.00
2016.04.11 15:06:22.746,1.87397,1.87433,1.50,1.50
2016.04.11 15:06:24.014,1.87397,1.87434,1.87,1.12
2016.04.11 15:06:24.065,1.87402,1.87435,1.00,1.50
2016.04.11 15:06:24.217,1.87405,1.87439,1.00,1.50
2016.04.11 15:06:24.785,1.87405,1.87438,1.00,1.00
2016.04.11 15:06:26.681,1.87402,1.87438,3.00,1.00
2016.04.11 15:06:27.339,1.87402,1.87429,3.00,1.00
2016.04.11 15:06:27.693,1.87395,1.8743,1.00,1.00
2016.04.11 15:06:27.743,1.87395,1.8743,1.00,1.75
2016.04.11 15:06:27.844,1.87391,1.87427,1.00,1.50
2016.04.11 15:06:28.366,1.87394,1.87425,1.00,1.00
2016.04.11 15:06:28.518,1.87388,1.87424,1.00,1.75
2016.04.11 15:06:28.619,1.87385,1.8742,1.00,1.00
2016.04.11 15:06:28.770,1.87386,1.8742,1.37,1.00
2016.04.11 15:06:29.073,1.874,1.87429,1.00,1.00
2016.04.11 15:06:29.176,1.87401,1.87437,1.00,1.75
2016.04.11 15:06:29.277,1.87397,1.87431,3.00,1.00
2016.04.11 15:06:30.930,1.87399,1.87431,1.37,1.50
2016.04.11 15:06:31.233,1.87424,1.87457,1.00,1.50
2016.04.11 15:06:31.387,1.87421,1.87457,1.00,1.50
2016.04.11 15:06:31.488,1.87419,1.87455,1.00,1.37
2016.04.11 15:06:31.589,1.87416,1.87451,1.50,1.00
2016.04.11 15:06:31.690,1.87416,1.8745,1.00,1.37
2016.04.11 15:06:31.792,1.87414,1.8745,1.00,1.37
2016.04.11 15:06:32.296,1.87413,1.8745,1.50,1.12
2016.04.11 15:06:32.785,1.87415,1.8745,1.00,1.12
2016.04.11 15:06:33.794,1.87416,1.8745,1.00,1.00
2016.04.11 15:06:34.754,1.87417,1.8745,1.00,1.00
2016.04.11 15:06:34.855,1.87415,1.8745,1.00,1.00
2016.04.11 15:06:34.957,1.87416,1.8744,1.00,1.12
2016.04.11 15:06:35.058,1.87409,1.87437,1.00,1.75
2016.04.11 15:06:35.109,1.87401,1.87437,1.50,1.75
2016.04.11 15:06:35.313,1.87397,1.87435,2.25,1.50
2016.04.11 15:06:35.993,1.87397,1.87435,2.25,1.87
2016.04.11 15:06:36.531,1.874,1.87435,1.00,1.12
2016.04.11 15:06:37.849,1.87399,1.87436,1.12,1.87
2016.04.11 15:06:37.951,1.87394,1.8743,2.25,1.50
2016.04.11 15:06:38.304,1.87394,1.87425,1.00,1.00
2016.04.11 15:06:38.556,1.87381,1.87418,2.25,1.75
2016.04.11 15:06:38.607,1.87385,1.87418,1.00,1.37
2016.04.11 15:06:38.708,1.87385,1.87419,1.00,1.50
2016.04.11 15:06:38.861,1.87388,1.87418,1.00,1.00
2016.04.11 15:06:39.102,1.87385,1.87419,1.00,1.50
2016.04.11 15:06:39.906,1.87384,1.87419,1.20,1.00
2016.04.11 15:06:42.311,1.87384,1.87422,1.87,1.50
2016.04.11 15:06:42.665,1.87386,1.87425,1.00,1.75
2016.04.11 15:06:42.968,1.87379,1.87414,1.50,1.75
2016.04.11 15:06:43.019,1.87376,1.87413,1.87,1.87
2016.04.11 15:06:43.321,1.87376,1.87413,1.12,1.87
2016.04.11 15:06:43.825,1.87376,1.87409,1.87,1.00
2016.04.11 15:06:43.996,1.87376,1.87413,1.87,1.37
2016.04.11 15:06:44.047,1.87378,1.87415,1.00,2.25
2016.04.11 15:06:44.249,1.87381,1.87419,1.12,1.75
2016.04.11 15:06:44.350,1.87383,1.87419,1.00,1.75
2016.04.11 15:06:44.653,1.87387,1.87424,1.00,1.75
2016.04.11 15:06:44.956,1.87396,1.87433,1.00,1.75
2016.04.11 15:06:45.046,1.87393,1.87433,1.00,2.25
2016.04.11 15:06:46.922,1.87392,1.87432,2.62,1.75
2016.04.11 15:06:47.947,1.87392,1.87427,2.25,1.37
2016.04.11 15:06:48.671,1.87392,1.87428,2.25,1.00
2016.04.11 15:06:49.879,1.87393,1.87424,1.00,1.00
2016.04.11 15:06:51.587,1.87391,1.87424,1.00,1.00
2016.04.11 15:06:52.124,1.8739,1.87424,1.50,1.00
2016.04.11 15:06:52.273,1.87392,1.87424,1.00,1.00
2016.04.11 15:06:52.374,1.87392,1.87428,1.37,1.00
2016.04.11 15:06:53.737,1.87393,1.87432,1.12,3.75
2016.04.11 15:06:55.745,1.87392,1.87424,1.37,1.00
2016.04.11 15:06:55.979,1.87377,1.87417,2.62,2.62
2016.04.11 15:06:57.005,1.87379,1.87417,1.00,1.87
2016.04.11 15:06:58.066,1.87379,1.87417,1.37,1.50
2016.04.11 15:06:58.117,1.87381,1.87421,1.75,1.50
2016.04.11 15:06:58.319,1.87383,1.87422,1.84,1.50
2016.04.11 15:06:58.521,1.87392,1.87431,2.25,1.37
2016.04.11 15:06:59.681,1.87393,1.87428,1.37,1.00
2016.04.11 15:06:59.884,1.8739,1.87426,1.00,1.00
2016.04.11 15:07:01.608,1.87391,1.87426,1.00,1.00
2016.04.11 15:07:01.911,1.87393,1.87426,1.00,1.00
2016.04.11 15:07:02.315,1.87392,1.8743,2.25,1.87
2016.04.11 15:07:02.853,1.87395,1.87432,1.87,1.87
2016.04.11 15:07:02.955,1.87397,1.87432,1.50,1.87
2016.04.11 15:07:03.462,1.87398,1.87432,1.00,1.50
2016.04.11 15:07:03.826,1.874,1.87432,1.00,1.00
2016.04.11 15:07:04.028,1.87401,1.87437,1.87,1.12
2016.04.11 15:07:04.565,1.87401,1.87439,1.71,1.50
2016.04.11 15:07:05.069,1.87401,1.87438,1.71,1.37
2016.04.11 15:07:05.473,1.87401,1.87435,2.96,1.00
2016.04.11 15:07:06.470,1.87401,1.87439,2.62,1.50
2016.04.11 15:07:06.622,1.87401,1.87439,2.62,1.50
2016.04.11 15:07:08.876,1.87402,1.87437,1.12,1.37
2016.04.11 15:07:09.090,1.87402,1.87437,1.00,1.75
2016.04.11 15:07:09.191,1.87395,1.87427,1.12,1.00
2016.04.11 15:07:09.445,1.87397,1.87427,1.00,1.00
2016.04.11 15:07:09.546,1.87401,1.87433,1.00,1.00
2016.04.11 15:07:09.799,1.87399,1.87433,1.00,1.75
2016.04.11 15:07:09.958,1.87393,1.87424,1.00,1.00
2016.04.11 15:07:10.462,1.8739,1.87424,1.34,1.00
2016.04.11 15:07:10.513,1.8739,1.87424,1.34,1.00
2016.04.11 15:07:10.564,1.8739,1.87424,1.00,1.00
2016.04.11 15:07:10.981,1.87388,1.87424,1.09,1.00
2016.04.11 15:07:11.715,1.87387,1.87423,1.84,1.75
2016.04.11 15:07:12.371,1.87387,1.87415,1.00,1.00
2016.04.11 15:07:12.523,1.87387,1.87418,1.50,1.12
2016.04.11 15:07:12.574,1.87387,1.87415,1.00,1.12
2016.04.11 15:07:12.725,1.87378,1.87411,1.00,1.75
2016.04.11 15:07:12.927,1.87378,1.87411,1.00,1.00
2016.04.11 15:07:13.259,1.87376,1.87411,1.00,1.00
2016.04.11 15:07:13.411,1.87377,1.87411,1.10,1.75
2016.04.11 15:07:13.513,1.87383,1.87421,1.87,1.87
2016.04.11 15:07:13.564,1.87388,1.87421,1.00,1.50
2016.04.11 15:07:13.867,1.87392,1.87425,1.00,1.00
2016.04.11 15:07:14.589,1.87392,1.87427,1.00,2.25
2016.04.11 15:07:15.094,1.87391,1.87427,1.00,1.50
2016.04.11 15:07:15.246,1.87387,1.87424,1.00,1.75
2016.04.11 15:07:15.448,1.87385,1.8742,1.12,1.00
2016.04.11 15:07:15.701,1.87384,1.8742,2.25,1.37
2016.04.11 15:07:15.803,1.87384,1.8742,1.50,1.75
2016.04.11 15:07:16.106,1.87389,1.8742,1.00,1.75
2016.04.11 15:07:16.560,1.87384,1.8742,2.62,1.75
2016.04.11 15:07:16.611,1.87392,1.8742,1.00,1.00
2016.04.11 15:07:16.661,1.87393,1.87426,1.00,1.50
2016.04.11 15:07:16.712,1.87397,1.87426,1.00,1.00
2016.04.11 15:07:16.864,1.874,1.87431,1.00,1.00
2016.04.11 15:07:17.016,1.87398,1.8743,1.00,1.12
2016.04.11 15:07:17.218,1.87389,1.87421,1.00,1.00
2016.04.11 15:07:17.669,1.87392,1.87422,1.00,1.00
2016.04.11 15:07:17.921,1.87392,1.87424,1.00,1.50
2016.04.11 15:07:18.426,1.87392,1.87425,1.00,1.00
2016.04.11 15:07:18.945,1.87392,1.87424,1.00,1.00
2016.04.11 15:07:19.453,1.87387,1.87425,2.25,1.00
2016.04.11 15:07:19.974,1.87388,1.87424,1.12,1.00
2016.04.11 15:07:20.025,1.87388,1.87424,1.12,1.37
2016.04.11 15:07:20.328,1.87386,1.87422,1.87,1.50
2016.04.11 15:07:20.379,1.87385,1.87419,1.00,1.00
2016.04.11 15:07:20.682,1.87381,1.87416,1.00,1.50
2016.04.11 15:07:21.000,1.87383,1.87416,1.00,1.50
2016.04.11 15:07:21.303,1.87388,1.8742,1.00,1.00
2016.04.11 15:07:21.763,1.87385,1.8742,1.00,1.00
2016.04.11 15:07:21.965,1.87388,1.8742,1.00,1.00
2016.04.11 15:07:22.269,1.87394,1.8742,1.00,1.00
2016.04.11 15:07:22.420,1.87394,1.87423,1.00,2.25
2016.04.11 15:07:22.954,1.87389,1.87423,1.00,1.50
2016.04.11 15:07:23.055,1.87387,1.87423,1.00,2.25
2016.04.11 15:07:23.308,1.87389,1.87422,1.00,1.12
2016.04.11 15:07:23.359,1.87387,1.87422,1.00,1.12
2016.04.11 15:07:23.511,1.87387,1.87419,1.00,1.00
2016.04.11 15:07:23.562,1.87383,1.87417,1.50,1.00
2016.04.11 15:07:23.721,1.87397,1.87427,1.00,1.75
2016.04.11 15:07:23.923,1.87391,1.87424,1.00,1.75
2016.04.11 15:07:23.974,1.87391,1.87421,1.37,1.00
2016.04.11 15:07:24.075,1.87396,1.87428,1.50,1.00
2016.04.11 15:07:24.691,1.87393,1.87428,2.25,1.00
2016.04.11 15:07:24.792,1.87395,1.87428,1.37,1.00
2016.04.11 15:07:24.944,1.87393,1.87428,1.00,1.00
2016.04.11 15:07:25.348,1.87392,1.87426,1.50,1.00
2016.04.11 15:07:25.705,1.87392,1.87418,1.00,1.00
2016.04.11 15:07:25.756,1.87381,1.87417,1.00,1.50
2016.04.11 15:07:26.282,1.87382,1.87417,1.00,1.50
2016.04.11 15:07:27.084,1.87384,1.87417,1.12,1.50
2016.04.11 15:07:27.488,1.87387,1.87424,1.00,2.25
2016.04.11 15:07:27.633,1.87389,1.87424,1.00,1.75
2016.04.11 15:07:27.886,1.87381,1.87415,1.00,1.00
2016.04.11 15:07:28.037,1.87384,1.87415,1.10,1.00
2016.04.11 15:07:28.340,1.87391,1.87423,1.75,1.00
2016.04.11 15:07:28.883,1.87391,1.87424,1.75,1.00
2016.04.11 15:07:29.615,1.87392,1.87425,1.50,1.50
2016.04.11 15:07:30.220,1.87389,1.87425,1.75,1.37
2016.04.11 15:07:30.271,1.87385,1.8742,1.75,1.37
2016.04.11 15:07:30.322,1.87384,1.87417,1.75,1.50
2016.04.11 15:07:30.373,1.87384,1.87417,1.00,1.87
2016.04.11 15:07:30.424,1.87379,1.87416,1.50,1.12
2016.04.11 15:07:30.525,1.87383,1.87416,1.00,1.00
2016.04.11 15:07:30.843,1.87389,1.87427,1.50,1.87
2016.04.11 15:07:32.913,1.87399,1.87426,1.00,1.50
2016.04.11 15:07:33.105,1.87404,1.87439,1.00,1.50
2016.04.11 15:07:33.358,1.87403,1.87439,1.37,1.50
2016.04.11 15:07:33.613,1.8741,1.87446,1.37,1.00
2016.04.11 15:07:35.105,1.87411,1.87449,1.12,2.25
2016.04.11 15:07:35.857,1.87411,1.87449,1.50,1.50
2016.04.11 15:07:36.362,1.87411,1.87449,1.50,1.37
2016.04.11 15:07:36.413,1.87411,1.87449,1.75,1.00
2016.04.11 15:07:36.464,1.87416,1.87454,1.50,1.75
2016.04.11 15:07:36.565,1.87422,1.87458,1.12,1.37
2016.04.11 15:07:36.616,1.87422,1.87458,1.50,1.00
2016.04.11 15:07:36.667,1.87424,1.8746,1.00,1.00
2016.04.11 15:07:36.768,1.87424,1.8746,1.37,1.00
2016.04.11 15:07:36.819,1.8743,1.87464,1.00,1.00
2016.04.11 15:07:36.920,1.8743,1.87462,1.00,1.12
2016.04.11 15:07:37.173,1.87418,1.87454,1.12,1.50
2016.04.11 15:07:37.274,1.87419,1.87454,2.25,1.00
2016.04.11 15:07:37.579,1.87435,1.87472,1.00,2.25
2016.04.11 15:07:37.630,1.87435,1.87469,1.00,1.00
2016.04.11 15:07:37.681,1.87432,1.87469,2.25,1.00
2016.04.11 15:07:37.732,1.87432,1.87471,1.50,1.12
2016.04.11 15:07:40.869,1.87434,1.87472,1.00,1.50
2016.04.11 15:07:41.386,1.87437,1.87472,1.00,1.50
2016.04.11 15:07:41.902,1.87436,1.87477,2.25,2.25
2016.04.11 15:07:42.423,1.87441,1.87477,1.00,1.75
2016.04.11 15:07:42.525,1.87443,1.87478,1.00,1.50
2016.04.11 15:07:42.576,1.87441,1.87481,1.50,1.75
2016.04.11 15:07:42.728,1.87446,1.87481,1.00,1.00
2016.04.11 15:07:43.232,1.87442,1.87482,2.25,1.87
2016.04.11 15:07:43.383,1.87441,1.87477,1.75,1.00
2016.04.11 15:07:43.636,1.87441,1.8748,1.75,1.00
2016.04.11 15:07:44.278,1.87442,1.8748,1.37,2.25
2016.04.11 15:07:44.329,1.87442,1.8748,1.00,2.62
2016.04.11 15:07:44.957,1.87441,1.8748,1.00,1.75
2016.04.11 15:07:45.109,1.87444,1.87482,1.00,1.00
2016.04.11 15:07:45.462,1.87447,1.87483,1.00,1.50
2016.04.11 15:07:46.158,1.87446,1.87483,1.10,1.50
2016.04.11 15:07:46.209,1.87444,1.87483,1.00,1.50
2016.04.11 15:07:47.166,1.87444,1.87482,1.00,1.00
2016.04.11 15:07:48.094,1.87444,1.87483,1.50,1.37
2016.04.11 15:07:48.245,1.87444,1.87477,1.00,1.00
2016.04.11 15:07:48.832,1.87442,1.87473,1.50,1.00
2016.04.11 15:07:48.882,1.87446,1.87478,1.00,1.00
2016.04.11 15:07:48.984,1.87446,1.87486,1.87,1.75
2016.04.11 15:07:49.135,1.87456,1.87492,1.75,1.00
2016.04.11 15:07:49.187,1.87457,1.87495,1.50,1.12
2016.04.11 15:07:49.490,1.87462,1.87499,1.00,2.25
2016.04.11 15:07:49.541,1.87462,1.87499,1.50,1.50
2016.04.11 15:07:49.693,1.87457,1.87494,1.75,1.12
2016.04.11 15:07:49.799,1.87453,1.87491,3.00,1.00
2016.04.11 15:07:49.901,1.87451,1.87491,2.62,1.37
2016.04.11 15:07:49.953,1.87451,1.87491,2.25,1.75
2016.04.11 15:07:50.872,1.87448,1.87486,1.50,1.00
2016.04.11 15:07:50.987,1.87446,1.87481,1.50,1.00
2016.04.11 15:07:51.239,1.87449,1.87486,1.50,1.37
2016.04.11 15:07:54.084,1.87445,1.87481,1.75,1.00
2016.04.11 15:07:54.236,1.87442,1.87478,1.12,1.00
2016.04.11 15:07:54.783,1.87443,1.87479,1.00,1.00
2016.04.11 15:07:55.489,1.87445,1.87479,1.00,1.00
2016.04.11 15:07:55.792,1.87445,1.87479,1.37,1.00
2016.04.11 15:07:56.816,1.87445,1.87479,1.37,1.00
2016.04.11 15:07:56.968,1.87449,1.87486,1.12,1.50
2016.04.11 15:07:57.019,1.8745,1.87486,1.00,1.00
2016.04.11 15:07:57.238,1.87451,1.87483,1.00,1.12
2016.04.11 15:07:57.289,1.87446,1.87478,1.12,1.37
2016.04.11 15:07:57.340,1.87447,1.87478,1.00,1.00
2016.04.11 15:07:57.441,1.87447,1.87482,1.00,1.12
2016.04.11 15:07:57.542,1.87447,1.87479,1.00,1.00
2016.04.11 15:07:57.744,1.87446,1.87483,1.12,1.50
2016.04.11 15:07:57.795,1.87447,1.87488,1.37,1.75
2016.04.11 15:07:57.846,1.87449,1.87488,1.37,1.12
2016.04.11 15:07:57.897,1.87458,1.8749,1.00,1.75
2016.04.11 15:07:58.049,1.87459,1.87496,1.50,1.12
2016.04.11 15:07:58.696,1.87458,1.87495,1.75,1.00
2016.04.11 15:07:58.747,1.87459,1.87492,1.50,1.95
2016.04.11 15:07:58.898,1.87445,1.87478,1.12,1.00
2016.04.11 15:07:59.151,1.87445,1.87481,1.12,1.12
2016.04.11 15:07:59.303,1.87447,1.87481,1.00,1.12
2016.04.11 15:07:59.606,1.87452,1.87483,1.12,1.00
2016.04.11 15:07:59.707,1.87452,1.87486,1.12,1.12
2016.04.11 15:07:59.809,1.87452,1.87483,1.12,1.00
2016.04.11 15:08:00.011,1.87457,1.8749,1.50,1.00
2016.04.11 15:08:00.464,1.87457,1.87493,1.50,1.87
2016.04.11 15:08:00.767,1.87457,1.87494,1.00,1.50
2016.04.11 15:08:01.277,1.87457,1.87493,1.00,1.00
2016.04.11 15:08:01.580,1.87457,1.8749,1.50,1.00
2016.04.11 15:08:01.682,1.87457,1.87493,1.50,1.37
2016.04.11 15:08:01.783,1.87456,1.87494,1.75,1.00
2016.04.11 15:08:02.087,1.87464,1.87497,1.00,1.00
2016.04.11 15:08:02.238,1.87464,1.87499,1.00,1.00
2016.04.11 15:08:02.746,1.87464,1.87498,1.00,1.00
2016.04.11 15:08:02.796,1.87465,1.87496,1.00,1.00
2016.04.11 15:08:02.948,1.87464,1.87498,1.00,1.00
2016.04.11 15:08:03.476,1.87464,1.87499,1.00,1.00
2016.04.11 15:08:03.884,1.87464,1.87496,1.00,1.00
2016.04.11 15:08:04.106,1.87451,1.87486,1.75,1.00
2016.04.11 15:08:04.258,1.87453,1.87491,1.00,1.75
2016.04.11 15:08:04.359,1.87456,1.87492,1.37,1.87
2016.04.11 15:08:04.662,1.87455,1.87492,1.75,1.00
2016.04.11 15:08:04.763,1.87461,1.87492,1.00,1.50
2016.04.11 15:08:04.965,1.87449,1.87487,1.50,1.12
2016.04.11 15:08:05.027,1.87449,1.87489,1.50,1.87
2016.04.11 15:08:05.331,1.87457,1.87492,1.50,1.00
2016.04.11 15:08:05.482,1.87457,1.87494,1.50,1.00
2016.04.11 15:08:07.042,1.87463,1.87494,1.00,1.00
2016.04.11 15:08:07.194,1.87464,1.87498,1.50,1.50
2016.04.11 15:08:07.469,1.87464,1.87501,1.50,1.50
2016.04.11 15:08:08.345,1.87469,1.87501,1.00,1.00
2016.04.11 15:08:08.850,1.87468,1.87501,1.00,1.00
2016.04.11 15:08:10.852,1.87468,1.87504,1.00,1.50
2016.04.11 15:08:11.442,1.87468,1.87502,1.00,1.00
2016.04.11 15:08:14.573,1.87469,1.87504,1.00,2.25
2016.04.11 15:08:14.624,1.87469,1.87504,1.75,1.00
2016.04.11 15:08:14.978,1.87464,1.87502,1.75,1.00
2016.04.11 15:08:15.281,1.87464,1.875,1.75,1.00
2016.04.11 15:08:17.556,1.87463,1.87502,1.75,1.12
2016.04.11 15:08:17.860,1.87464,1.87489,1.75,1.00
2016.04.11 15:08:18.025,1.87454,1.8748,1.00,1.00
2016.04.11 15:08:18.076,1.87447,1.8748,1.50,1.00
2016.04.11 15:08:18.177,1.87447,1.87483,1.87,1.50
2016.04.11 15:08:18.228,1.8745,1.87483,1.00,1.50
2016.04.11 15:08:18.330,1.87457,1.87491,1.00,1.50
2016.04.11 15:08:18.481,1.87459,1.87493,1.00,1.00
2016.04.11 15:08:18.786,1.87459,1.87494,1.37,1.00
2016.04.11 15:08:18.837,1.87459,1.87499,1.75,2.25
2016.04.11 15:08:19.342,1.87459,1.87498,1.87,1.00
2016.04.11 15:08:20.254,1.87463,1.87499,1.50,1.00
2016.04.11 15:08:20.406,1.87467,1.87503,1.00,1.50
2016.04.11 15:08:20.962,1.87475,1.87503,1.00,1.50
2016.04.11 15:08:21.063,1.87482,1.87509,1.00,1.00
2016.04.11 15:08:21.114,1.87489,1.87523,1.37,1.37
2016.04.11 15:08:21.215,1.87489,1.87524,1.75,1.00
2016.04.11 15:08:21.733,1.87489,1.87525,1.75,1.00
2016.04.11 15:08:22.089,1.87486,1.87516,1.75,1.00
2016.04.11 15:08:22.140,1.87485,1.87516,1.00,1.00
2016.04.11 15:08:22.191,1.87485,1.87512,1.00,1.00
2016.04.11 15:08:22.282,1.87474,1.87507,1.12,1.00
2016.04.11 15:08:22.685,1.87472,1.87509,1.75,1.12
2016.04.11 15:08:22.887,1.87476,1.87512,1.00,1.75
2016.04.11 15:08:24.231,1.87473,1.87513,1.87,3.00
2016.04.11 15:08:24.562,1.8748,1.87512,1.37,1.00
2016.04.11 15:08:24.866,1.8749,1.87523,1.00,1.00
2016.04.11 15:08:25.170,1.8749,1.87525,1.00,1.00
2016.04.11 15:08:25.221,1.8749,1.87525,1.00,1.37
2016.04.11 15:08:25.373,1.8749,1.87526,1.00,1.12
2016.04.11 15:08:26.433,1.8749,1.87528,1.50,1.00
2016.04.11 15:08:26.535,1.87492,1.87528,1.00,1.00
2016.04.11 15:08:26.737,1.8749,1.87528,1.50,1.00
2016.04.11 15:08:27.242,1.8749,1.87528,1.00,2.62
2016.04.11 15:08:27.748,1.8749,1.87524,1.00,1.00
2016.04.11 15:08:29.168,1.8749,1.87526,1.00,1.37
2016.04.11 15:08:29.692,1.8749,1.87526,1.00,1.00
2016.04.11 15:08:30.142,1.8749,1.87528,1.00,2.25
2016.04.11 15:08:30.495,1.87495,1.87528,1.00,2.25
2016.04.11 15:08:30.697,1.87492,1.87528,1.00,1.50
2016.04.11 15:08:30.950,1.8749,1.87522,1.00,1.00
2016.04.11 15:08:31.079,1.87485,1.87523,1.50,1.75
2016.04.11 15:08:32.991,1.87488,1.87522,1.00,1.50
2016.04.11 15:08:33.549,1.87494,1.87523,1.00,1.75
2016.04.11 15:08:33.599,1.87494,1.87523,1.00,1.00
2016.04.11 15:08:33.650,1.87494,1.87527,1.00,1.87
2016.04.11 15:08:34.443,1.8749,1.87528,1.50,1.50
2016.04.11 15:08:34.545,1.875,1.87528,1.00,1.50
2016.04.11 15:08:34.596,1.875,1.87533,1.00,1.00
2016.04.11 15:08:34.646,1.87504,1.87533,1.12,1.00
2016.04.11 15:08:34.697,1.87504,1.87539,1.50,1.00
2016.04.11 15:08:34.748,1.87503,1.87541,1.12,1.50
2016.04.11 15:08:34.900,1.87506,1.87546,1.12,1.00
2016.04.11 15:08:35.001,1.87506,1.87543,1.75,1.00
2016.04.11 15:08:35.304,1.87505,1.87541,1.00,1.75
2016.04.11 15:08:35.497,1.87507,1.8754,1.00,1.37
2016.04.11 15:08:36.048,1.87508,1.87541,1.00,1.75
2016.04.11 15:08:36.698,1.87508,1.87543,1.00,1.00
2016.04.11 15:08:36.749,1.87507,1.87539,1.00,1.10
2016.04.11 15:08:36.901,1.875,1.87535,1.12,1.87
2016.04.11 15:08:37.305,1.87505,1.87538,1.50,1.75
2016.04.11 15:08:37.406,1.87508,1.87547,2.25,1.12
2016.04.11 15:08:37.569,1.87512,1.87544,1.00,1.00
2016.04.11 15:08:38.679,1.87512,1.87548,1.00,1.37
2016.04.11 15:08:38.881,1.87509,1.87544,2.25,1.00
2016.04.11 15:08:39.083,1.87508,1.87544,1.00,1.75
2016.04.11 15:08:39.184,1.87505,1.87539,1.50,1.37
2016.04.11 15:08:39.335,1.87495,1.8753,2.25,1.00
2016.04.11 15:08:39.386,1.87495,1.8753,1.50,1.37
2016.04.11 15:08:39.487,1.87495,1.8753,1.00,1.00
2016.04.11 15:08:39.566,1.87495,1.87528,1.00,1.00
2016.04.11 15:08:39.868,1.87501,1.87532,1.50,1.00
2016.04.11 15:08:39.970,1.87503,1.87544,1.37,2.25
2016.04.11 15:08:40.021,1.87509,1.87544,1.50,1.00
2016.04.11 15:08:40.526,1.87509,1.87545,1.50,1.00
2016.04.11 15:08:40.796,1.87509,1.87548,1.87,1.37
2016.04.11 15:08:41.311,1.87511,1.87546,1.12,1.00
2016.04.11 15:08:41.666,1.87516,1.87548,1.00,1.87
2016.04.11 15:08:42.010,1.87534,1.87571,1.00,1.75
2016.04.11 15:08:42.212,1.87532,1.87568,2.62,1.00
2016.04.11 15:08:42.314,1.8753,1.87567,2.62,2.25
2016.04.11 15:08:42.516,1.87528,1.87564,1.00,1.12
2016.04.11 15:08:42.818,1.87526,1.87561,1.12,1.00
2016.04.11 15:08:43.168,1.87526,1.87561,1.00,1.12
2016.04.11 15:08:43.269,1.87523,1.8756,1.00,1.75
2016.04.11 15:08:43.320,1.87526,1.8756,1.75,1.00
2016.04.11 15:08:43.623,1.87518,1.87555,1.12,1.50
2016.04.11 15:08:43.725,1.87518,1.8755,1.12,1.00
2016.04.11 15:08:43.927,1.87517,1.87553,1.50,1.12
2016.04.11 15:08:44.644,1.87516,1.87552,1.75,1.00
2016.04.11 15:08:44.795,1.87516,1.87552,1.37,1.37
2016.04.11 15:08:45.728,1.87513,1.87549,1.12,1.12
2016.04.11 15:08:46.278,1.87514,1.87548,1.00,1.00
2016.04.11 15:08:47.349,1.8751,1.87548,2.25,1.00
2016.04.11 15:08:47.954,1.87513,1.87549,1.12,1.12
2016.04.11 15:08:49.941,1.87508,1.87547,3.00,1.00
2016.04.11 15:08:50.247,1.87497,1.87528,1.37,1.00
2016.04.11 15:08:50.298,1.87497,1.87528,1.00,1.00
2016.04.11 15:08:50.350,1.87495,1.87528,1.00,1.00
2016.04.11 15:08:50.401,1.8749,1.8753,1.75,1.00
2016.04.11 15:08:50.754,1.87493,1.87532,1.50,3.07
2016.04.11 15:08:50.855,1.87494,1.87531,1.50,1.50
2016.04.11 15:08:51.161,1.87496,1.87531,1.12,1.00
2016.04.11 15:08:51.665,1.87496,1.87532,1.75,1.00
2016.04.11 15:08:53.651,1.875,1.87534,1.12,1.12
2016.04.11 15:08:54.055,1.87495,1.87533,1.37,1.37
2016.04.11 15:08:54.105,1.87495,1.87533,1.00,2.25
2016.04.11 15:08:54.807,1.87496,1.87533,1.00,2.25
2016.04.11 15:08:55.362,1.87493,1.87533,2.25,1.50
2016.04.11 15:08:55.709,1.87497,1.87529,1.50,1.00
2016.04.11 15:08:56.163,1.87498,1.87528,1.00,1.37
2016.04.11 15:08:56.567,1.87496,1.87527,1.00,1.00
2016.04.11 15:08:56.761,1.87494,1.87527,1.00,1.00
2016.04.11 15:08:56.913,1.87492,1.87527,1.00,1.00
2016.04.11 15:08:56.964,1.8749,1.87525,1.00,1.00
2016.04.11 15:08:57.267,1.87505,1.87527,1.00,1.00
2016.04.11 15:08:57.319,1.87505,1.87537,1.00,1.12
2016.04.11 15:08:57.673,1.87501,1.87537,2.25,1.12
2016.04.11 15:08:58.225,1.87501,1.87543,2.25,1.75
2016.04.11 15:08:58.679,1.87504,1.87542,1.00,1.75
2016.04.11 15:08:59.074,1.87502,1.87542,1.50,1.75
2016.04.11 15:08:59.377,1.87502,1.87542,1.75,1.00
2016.04.11 15:08:59.579,1.87505,1.87538,1.00,1.00
2016.04.11 15:08:59.883,1.87512,1.87538,1.50,1.00
2016.04.11 15:08:59.938,1.87512,1.87544,2.25,1.00
2016.04.11 15:09:00.142,1.87511,1.87543,1.00,1.50
2016.04.11 15:09:00.244,1.87508,1.87543,1.00,1.50
2016.04.11 15:09:00.395,1.87505,1.87541,1.50,1.00
2016.04.11 15:09:00.446,1.87505,1.87538,1.00,1.12
2016.04.11 15:09:00.497,1.87501,1.87538,2.96,1.12
2016.04.11 15:09:00.649,1.87502,1.87531,1.00,1.00
2016.04.11 15:09:00.824,1.8749,1.87525,1.00,1.00
2016.04.11 15:09:00.876,1.8749,1.87522,1.00,1.00
2016.04.11 15:09:00.927,1.87487,1.87522,1.50,1.00
2016.04.11 15:09:00.978,1.87487,1.87525,3.00,1.00
2016.04.11 15:09:01.080,1.87489,1.87525,1.00,1.00
2016.04.11 15:09:01.394,1.87487,1.87519,1.00,1.00
2016.04.11 15:09:01.445,1.87483,1.87519,1.00,1.50
2016.04.11 15:09:02.153,1.87484,1.87519,1.00,1.50
2016.04.11 15:09:02.677,1.87483,1.87519,1.00,1.50
2016.04.11 15:09:02.852,1.87485,1.87522,1.00,1.00
2016.04.11 15:09:02.903,1.87489,1.87522,1.50,1.00
2016.04.11 15:09:03.428,1.87488,1.87523,1.00,1.00
2016.04.11 15:09:04.059,1.8749,1.87523,1.00,1.00
2016.04.11 15:09:04.898,1.87493,1.87523,1.00,1.00
2016.04.11 15:09:05.201,1.87491,1.87523,1.00,1.00
2016.04.11 15:09:07.311,1.87489,1.87523,1.50,1.00
2016.04.11 15:09:07.586,1.87486,1.87523,3.00,1.00
2016.04.11 15:09:07.688,1.87486,1.87525,3.75,1.00
2016.04.11 15:09:07.941,1.87488,1.87529,2.25,2.25
2016.04.11 15:09:08.490,1.87491,1.87528,1.00,1.12
2016.04.11 15:09:09.316,1.87489,1.87528,3.00,1.87
2016.04.11 15:09:09.417,1.87489,1.8752,1.50,1.00
2016.04.11 15:09:09.568,1.87481,1.87519,1.75,1.50
2016.04.11 15:09:09.619,1.87479,1.87515,1.75,1.12
2016.04.11 15:09:09.670,1.87478,1.87515,1.00,1.12
2016.04.11 15:09:09.721,1.87482,1.87514,1.00,1.50
2016.04.11 15:09:10.024,1.87494,1.87532,1.75,2.70
2016.04.11 15:09:10.171,1.87493,1.87532,1.00,2.32
2016.04.11 15:09:10.272,1.8749,1.87528,1.50,1.50
2016.04.11 15:09:10.532,1.87491,1.87525,1.12,1.00
2016.04.11 15:09:10.846,1.87489,1.87528,1.75,2.25
2016.04.11 15:09:11.238,1.87493,1.87527,1.00,1.87
2016.04.11 15:09:11.747,1.87492,1.87528,1.00,1.50
2016.04.11 15:09:12.356,1.87491,1.87527,1.87,1.12
2016.04.11 15:09:13.351,1.8749,1.87531,1.12,1.75
2016.04.11 15:09:13.866,1.87493,1.87532,1.00,1.75
2016.04.11 15:09:14.382,1.87492,1.87531,2.25,2.25
2016.04.11 15:09:14.904,1.87493,1.8753,1.00,1.75
2016.04.11 15:09:15.409,1.87492,1.87532,1.00,1.75
2016.04.11 15:09:16.134,1.87493,1.87528,1.00,1.12
2016.04.11 15:09:16.437,1.87496,1.8753,1.00,1.75
2016.04.11 15:09:16.487,1.87496,1.8753,1.12,1.00
2016.04.11 15:09:16.538,1.87504,1.87532,1.00,1.12
2016.04.11 15:09:16.790,1.87499,1.87537,1.00,1.87
2016.04.11 15:09:16.841,1.87499,1.87533,1.00,1.37
2016.04.11 15:09:16.942,1.87499,1.87536,1.00,1.37
2016.04.11 15:09:17.071,1.87499,1.87535,1.00,1.37
2016.04.11 15:09:17.575,1.87499,1.87534,1.00,1.37
2016.04.11 15:09:17.677,1.87499,1.87534,1.00,1.37
2016.04.11 15:09:17.879,1.87499,1.87535,1.00,1.37
2016.04.11 15:09:18.086,1.87499,1.87535,1.00,1.37
2016.04.11 15:09:18.187,1.87499,1.87535,1.00,1.37
2016.04.11 15:09:18.718,1.87499,1.87535,1.00,1.37
2016.04.11 15:09:18.769,1.87499,1.87535,1.00,1.37
2016.04.11 15:09:18.971,1.87499,1.87529,1.50,1.00
2016.04.11 15:09:19.122,1.87494,1.8753,1.00,1.50
2016.04.11 15:09:19.275,1.87496,1.8753,1.00,2.25
2016.04.11 15:09:19.578,1.87503,1.87534,1.00,1.00
2016.04.11 15:09:19.629,1.87503,1.87536,1.00,1.00
2016.04.11 15:09:20.135,1.87504,1.87538,1.12,1.37
2016.04.11 15:09:21.675,1.87504,1.87538,1.12,1.37
2016.04.11 15:09:21.987,1.87504,1.87538,1.12,1.00
2016.04.11 15:09:22.038,1.87504,1.8754,1.12,1.00
2016.04.11 15:09:25.585,1.8751,1.8754,1.00,1.00
2016.04.11 15:09:25.636,1.8751,1.87545,1.00,2.25
2016.04.11 15:09:25.746,1.87511,1.87547,3.75,1.09
2016.04.11 15:09:25.798,1.87511,1.87547,3.75,1.46
2016.04.11 15:09:26.052,1.87508,1.87543,1.12,1.37
2016.04.11 15:09:26.806,1.8751,1.87545,1.50,1.37
2016.04.11 15:09:26.857,1.87513,1.87546,1.00,1.87
2016.04.11 15:09:27.186,1.87518,1.8755,1.50,1.37
2016.04.11 15:09:27.854,1.87511,1.87545,2.25,1.00
2016.04.11 15:09:27.955,1.87511,1.87547,2.25,1.12
2016.04.11 15:09:28.459,1.8751,1.87548,2.25,2.62
2016.04.11 15:09:28.711,1.8751,1.87548,2.25,1.87
2016.04.11 15:09:29.212,1.8751,1.87548,1.75,1.87
2016.04.11 15:09:29.313,1.8751,1.87548,1.75,1.00
2016.04.11 15:09:29.415,1.87513,1.87547,1.12,1.37
2016.04.11 15:09:29.949,1.87512,1.87545,1.50,1.00
2016.04.11 15:09:30.447,1.87512,1.87545,1.00,1.37
2016.04.11 15:09:30.952,1.87512,1.87545,1.00,1.37
2016.04.11 15:09:32.247,1.87509,1.87545,1.00,1.37
2016.04.11 15:09:33.556,1.87509,1.87545,1.00,1.37
2016.04.11 15:09:33.909,1.87509,1.87542,1.00,1.00
2016.04.11 15:09:34.295,1.87509,1.87545,1.00,1.87
2016.04.11 15:09:34.803,1.87508,1.87543,1.00,1.12
2016.04.11 15:09:35.344,1.87508,1.87545,1.00,1.87
2016.04.11 15:09:35.756,1.87508,1.87548,1.75,1.00
2016.04.11 15:09:36.272,1.8751,1.87547,1.75,1.00
2016.04.11 15:09:36.435,1.8751,1.87549,1.75,1.87
2016.04.11 15:09:36.486,1.87508,1.87549,1.75,1.50
2016.04.11 15:09:36.790,1.87509,1.87543,1.00,1.37
2016.04.11 15:09:37.335,1.87508,1.87543,1.12,1.37
2016.04.11 15:09:37.790,1.87508,1.87543,1.87,1.37
2016.04.11 15:09:37.892,1.87508,1.87539,1.87,1.12
2016.04.11 15:09:38.762,1.87508,1.87537,1.87,1.00
2016.04.11 15:09:39.064,1.8751,1.87537,1.00,1.00
2016.04.11 15:09:39.592,1.87508,1.87537,1.12,1.00
2016.04.11 15:09:39.798,1.8751,1.87537,1.00,1.00
2016.04.11 15:09:40.186,1.87505,1.8754,1.75,1.12
2016.04.11 15:09:40.695,1.87505,1.87543,1.75,1.37
2016.04.11 15:09:42.907,1.87507,1.87543,1.37,1.37
2016.04.11 15:09:43.427,1.87507,1.87543,1.37,1.37
2016.04.11 15:09:44.706,1.87502,1.87539,3.00,1.00
2016.04.11 15:09:47.969,1.87502,1.87539,2.25,1.50
2016.04.11 15:09:48.020,1.87502,1.87539,2.25,1.50
2016.04.11 15:09:48.272,1.87502,1.87538,1.12,1.84
2016.04.11 15:09:48.323,1.87499,1.87536,2.25,1.12
2016.04.11 15:09:48.575,1.87499,1.87529,1.00,1.00
2016.04.11 15:09:48.626,1.87497,1.87529,2.25,1.00
2016.04.11 15:09:48.879,1.87495,1.87529,1.00,1.00
2016.04.11 15:09:50.822,1.87495,1.87532,1.37,1.37
2016.04.11 15:09:50.873,1.87495,1.87532,1.75,1.00
2016.04.11 15:09:51.222,1.87493,1.87524,1.87,1.00
2016.04.11 15:09:51.273,1.87492,1.8752,1.00,1.57
2016.04.11 15:09:51.374,1.87488,1.87515,1.00,1.37
2016.04.11 15:09:51.425,1.87483,1.87511,1.37,1.00
2016.04.11 15:09:51.476,1.87476,1.8751,1.34,1.00
2016.04.11 15:09:51.729,1.87476,1.8751,1.34,1.37
2016.04.11 15:09:51.779,1.87473,1.87509,1.50,1.37
2016.04.11 15:09:51.830,1.87473,1.87509,1.50,1.37
2016.04.11 15:09:51.931,1.87473,1.87506,1.50,1.12
2016.04.11 15:09:52.167,1.87473,1.87507,1.50,1.37
2016.04.11 15:09:52.472,1.87466,1.87497,2.25,1.37
2016.04.11 15:09:53.899,1.87463,1.87497,1.75,1.37
2016.04.11 15:09:54.101,1.87459,1.87494,1.50,1.37
2016.04.11 15:09:54.254,1.87458,1.87495,1.75,1.00
2016.04.11 15:09:54.405,1.87455,1.87493,1.00,1.00
2016.04.11 15:09:54.557,1.87455,1.8749,1.00,1.00
2016.04.11 15:09:54.799,1.87455,1.87492,1.50,1.00
2016.04.11 15:09:54.900,1.87457,1.87493,1.00,1.00
2016.04.11 15:09:55.481,1.87458,1.87493,1.50,1.00
2016.04.11 15:09:56.537,1.87457,1.87493,1.00,1.00
2016.04.11 15:09:56.688,1.87455,1.87492,1.00,1.00
2016.04.11 15:09:56.840,1.87457,1.87492,1.00,1.00
2016.04.11 15:09:57.386,1.87457,1.87493,1.00,1.00
2016.04.11 15:09:57.688,1.87457,1.87491,1.00,1.00
2016.04.11 15:09:58.193,1.87458,1.87491,1.00,1.37
2016.04.11 15:09:58.243,1.87456,1.87491,1.00,1.37
2016.04.11 15:09:58.294,1.87457,1.87486,1.00,1.00
2016.04.11 15:09:58.681,1.87455,1.87486,1.00,1.00
2016.04.11 15:09:58.732,1.87455,1.87484,1.00,1.12
2016.04.11 15:09:58.833,1.8745,1.87484,1.09,1.37
2016.04.11 15:09:58.884,1.8745,1.87475,1.09,1.00
2016.04.11 15:09:59.186,1.87448,1.8748,1.34,1.37
2016.04.11 15:10:00.223,1.87448,1.87481,1.34,1.00
2016.04.11 15:10:00.425,1.87452,1.87484,1.00,1.00
2016.04.11 15:10:00.526,1.87452,1.87484,1.50,1.00
2016.04.11 15:10:01.195,1.87452,1.87486,2.25,1.37
2016.04.11 15:10:01.498,1.87452,1.8749,2.25,1.50
2016.04.11 15:10:02.002,1.87452,1.87486,2.25,1.00
2016.04.11 15:10:02.406,1.87451,1.87488,1.75,1.12
2016.04.11 15:10:02.539,1.87451,1.87488,1.50,1.87
2016.04.11 15:10:03.366,1.87451,1.87484,2.25,1.00
2016.04.11 15:10:03.467,1.87451,1.87489,2.25,1.75
2016.04.11 15:10:04.135,1.87454,1.87489,1.12,1.37
2016.04.11 15:10:04.467,1.87455,1.87486,1.00,1.00
2016.04.11 15:10:04.568,1.87457,1.87489,1.00,1.00
2016.04.11 15:10:04.821,1.87457,1.87492,1.00,1.12
2016.04.11 15:10:04.871,1.87457,1.87493,1.00,1.87
2016.04.11 15:10:05.220,1.87453,1.8748,1.50,1.00
2016.04.11 15:10:06.222,1.8745,1.87488,1.87,1.37
2016.04.11 15:10:06.301,1.87457,1.87488,1.00,1.00
2016.04.11 15:10:06.554,1.87458,1.8749,1.50,1.00
2016.04.11 15:10:06.655,1.87458,1.87493,1.50,1.00
2016.04.11 15:10:06.706,1.87458,1.87493,1.50,1.00
2016.04.11 15:10:06.807,1.87462,1.87498,1.75,1.00
2016.04.11 15:10:07.325,1.87462,1.87493,1.75,1.00
2016.04.11 15:10:09.184,1.87463,1.87495,1.75,1.00
2016.04.11 15:10:09.882,1.87463,1.87494,1.75,1.00
2016.04.11 15:10:10.386,1.87463,1.87495,1.75,1.00
2016.04.11 15:10:11.789,1.87459,1.87495,1.75,1.37
2016.04.11 15:10:11.892,1.87456,1.8749,1.87,1.37
2016.04.11 15:10:11.995,1.8745,1.87486,1.00,1.00
2016.04.11 15:10:12.046,1.8745,1.87482,1.00,1.00
2016.04.11 15:10:12.349,1.87447,1.87479,1.00,1.50
2016.04.11 15:10:12.400,1.87445,1.87479,1.00,1.50
2016.04.11 15:10:12.501,1.87442,1.87475,1.50,1.00
2016.04.11 15:10:13.008,1.87442,1.87479,1.50,1.00
2016.04.11 15:10:13.160,1.87442,1.87476,1.50,1.00
2016.04.11 15:10:13.818,1.87443,1.87477,1.12,1.00
2016.04.11 15:10:14.143,1.87443,1.87475,1.12,1.00
2016.04.11 15:10:14.946,1.87443,1.87472,1.12,1.00
2016.04.11 15:10:15.815,1.8744,1.8747,1.75,1.00
2016.04.11 15:10:16.553,1.87441,1.87473,1.75,1.00
2016.04.11 15:10:19.231,1.87437,1.87472,2.25,1.00
2016.04.11 15:10:20.011,1.87437,1.87473,1.75,1.50
2016.04.11 15:10:20.545,1.87437,1.87474,2.25,1.00
2016.04.11 15:10:22.420,1.87437,1.87475,2.25,1.00
2016.04.11 15:10:22.953,1.87439,1.87475,1.00,1.12
2016.04.11 15:10:25.063,1.87438,1.87473,1.12,1.00
2016.04.11 15:10:25.583,1.87439,1.87473,1.00,1.00
2016.04.11 15:10:27.533,1.87441,1.87473,1.50,1.00
2016.04.11 15:10:27.685,1.87447,1.87483,1.75,1.00
2016.04.11 15:10:27.823,1.87447,1.87485,1.75,2.25
2016.04.11 15:10:28.737,1.87449,1.87487,1.37,3.37
2016.04.11 15:10:28.889,1.87449,1.87487,3.00,1.50
2016.04.11 15:10:29.057,1.87452,1.87487,1.50,1.00
2016.04.11 15:10:29.108,1.87454,1.87487,1.00,1.00
2016.04.11 15:10:29.209,1.87454,1.87491,1.37,1.12
2016.04.11 15:10:29.563,1.87455,1.87489,1.12,1.00
2016.04.11 15:10:29.665,1.87456,1.87491,1.00,1.50
2016.04.11 15:10:29.766,1.87454,1.87492,1.75,1.37
2016.04.11 15:10:29.867,1.87458,1.87492,1.00,1.37
2016.04.11 15:10:30.009,1.8746,1.87492,1.00,1.37
2016.04.11 15:10:30.211,1.87457,1.87493,1.50,1.87
2016.04.11 15:10:30.540,1.87457,1.87489,1.00,1.00
2016.04.11 15:10:30.994,1.87459,1.87496,1.00,3.00
2016.04.11 15:10:31.187,1.87457,1.8749,1.12,1.00
2016.04.11 15:10:31.694,1.87457,1.87495,1.00,2.25
2016.04.11 15:10:31.795,1.8746,1.87495,1.00,1.75
2016.04.11 15:10:35.506,1.87458,1.87495,1.00,1.75
2016.04.11 15:10:35.607,1.87456,1.87494,1.87,1.75
2016.04.11 15:10:37.211,1.87456,1.87491,1.37,1.12
2016.04.11 15:10:37.715,1.87454,1.8749,1.37,1.00
2016.04.11 15:10:38.716,1.87451,1.87489,1.75,1.50
2016.04.11 15:10:38.817,1.8745,1.87487,1.75,1.00
2016.04.11 15:10:39.152,1.8744,1.87477,1.50,2.25
2016.04.11 15:10:39.253,1.87444,1.87478,1.00,1.84
2016.04.11 15:10:39.557,1.87453,1.8749,1.00,3.75
2016.04.11 15:10:39.860,1.8746,1.87489,1.00,1.00
2016.04.11 15:10:40.165,1.87471,1.87495,1.00,1.34
2016.04.11 15:10:40.216,1.87461,1.87493,1.50,1.34
2016.04.11 15:10:40.267,1.87461,1.87493,1.12,1.34
2016.04.11 15:10:40.419,1.87457,1.87495,1.75,1.00
2016.04.11 15:10:40.470,1.87457,1.87495,1.75,1.34
2016.04.11 15:10:40.987,1.87455,1.8749,1.75,1.00
2016.04.11 15:10:41.038,1.87454,1.8749,1.00,1.50
2016.04.11 15:10:41.189,1.87459,1.8749,1.00,1.50
2016.04.11 15:10:41.240,1.87459,1.87491,1.50,1.00
2016.04.11 15:10:41.593,1.87462,1.8749,1.00,1.00
2016.04.11 15:10:41.644,1.87459,1.8749,1.50,1.00
2016.04.11 15:10:41.848,1.87456,1.8749,1.00,1.50
2016.04.11 15:10:42.000,1.87456,1.87488,1.00,1.00
2016.04.11 15:10:43.190,1.87456,1.87489,1.00,1.50
2016.04.11 15:10:43.712,1.87456,1.87487,1.50,1.00
2016.04.11 15:10:44.251,1.87456,1.87488,1.50,1.00
2016.04.11 15:10:44.757,1.87455,1.87489,1.87,1.50
2016.04.11 15:10:45.635,1.87455,1.87488,1.87,1.00
2016.04.11 15:10:46.139,1.87449,1.8748,1.75,1.00
2016.04.11 15:10:46.309,1.87442,1.87476,1.75,1.00
2016.04.11 15:10:46.360,1.87442,1.87477,1.00,1.84
2016.04.11 15:10:46.512,1.8744,1.87476,1.00,1.50
2016.04.11 15:10:46.562,1.8744,1.87474,1.00,1.00
2016.04.11 15:10:48.144,1.87437,1.87471,1.75,1.00
2016.04.11 15:10:48.195,1.87437,1.87471,1.37,1.09
2016.04.11 15:10:48.599,1.87435,1.8747,1.00,1.00
2016.04.11 15:10:48.784,1.87442,1.87472,1.00,1.00
2016.04.11 15:10:48.936,1.8745,1.87484,1.00,1.00
2016.04.11 15:10:49.037,1.87449,1.87485,1.50,1.87
2016.04.11 15:10:49.342,1.87455,1.87489,1.75,1.00
2016.04.11 15:10:49.857,1.87455,1.8749,1.75,1.00
2016.04.11 15:10:50.391,1.87456,1.87491,2.25,1.50
2016.04.11 15:10:50.876,1.87459,1.87495,1.50,1.50
2016.04.11 15:10:51.080,1.87459,1.87492,1.00,1.00
2016.04.11 15:10:51.568,1.87459,1.87495,1.50,2.25
2016.04.11 15:10:51.972,1.87459,1.87488,1.50,1.00
2016.04.11 15:10:52.283,1.87459,1.87484,1.00,1.00
2016.04.11 15:10:52.334,1.87453,1.87484,1.87,1.00
2016.04.11 15:10:52.385,1.87453,1.87484,1.50,1.00
2016.04.11 15:10:52.436,1.87453,1.8749,1.00,2.25
2016.04.11 15:10:52.538,1.87452,1.87484,1.12,1.00
2016.04.11 15:10:53.089,1.87448,1.87484,1.00,1.50
2016.04.11 15:10:53.245,1.87447,1.87482,1.00,1.00
2016.04.11 15:10:54.077,1.87447,1.8748,1.00,1.00
2016.04.11 15:10:54.428,1.87452,1.87482,1.00,1.00
2016.04.11 15:10:54.740,1.87456,1.87482,1.00,1.00
2016.04.11 15:10:54.961,1.87452,1.87482,1.50,1.00
2016.04.11 15:10:55.185,1.87456,1.87479,1.00,1.00
2016.04.11 15:10:55.338,1.87452,1.87478,1.00,1.00
2016.04.11 15:10:55.439,1.87446,1.87475,1.00,1.00
2016.04.11 15:10:55.490,1.87449,1.87475,1.00,1.00
2016.04.11 15:10:55.692,1.87446,1.87475,1.50,1.00
2016.04.11 15:10:57.487,1.87446,1.87477,1.00,1.00
2016.04.11 15:10:57.538,1.87444,1.87477,1.00,1.00
2016.04.11 15:10:57.639,1.87447,1.87478,1.00,1.00
2016.04.11 15:10:57.892,1.87461,1.87495,1.00,1.84
2016.04.11 15:10:57.994,1.87462,1.87495,2.25,1.09
2016.04.11 15:10:58.527,1.87463,1.87498,1.00,1.34
2016.04.11 15:10:59.157,1.87464,1.87499,1.00,1.34
2016.04.11 15:10:59.568,1.87467,1.87499,1.00,1.34
2016.04.11 15:11:00.195,1.87468,1.875,1.00,2.59
2016.04.11 15:11:00.945,1.87468,1.875,1.50,1.50
2016.04.11 15:11:04.222,1.87468,1.87494,1.00,1.37
2016.04.11 15:11:04.374,1.87464,1.87494,1.00,3.00
2016.04.11 15:11:04.425,1.87464,1.87489,1.00,1.00
2016.04.11 15:11:04.558,1.87464,1.87493,1.00,1.75
2016.04.11 15:11:08.519,1.87465,1.87494,1.00,2.25
2016.04.11 15:11:09.221,1.87464,1.87494,1.00,2.25
2016.04.11 15:11:09.323,1.87467,1.87493,1.00,1.75
2016.04.11 15:11:10.700,1.87467,1.87488,1.00,1.00
2016.04.11 15:11:10.801,1.87453,1.87483,1.00,1.09
2016.04.11 15:11:10.902,1.87446,1.8748,1.00,1.09
2016.04.11 15:11:11.154,1.87445,1.87476,1.00,1.00
2016.04.11 15:11:11.688,1.87445,1.87475,1.00,1.00
2016.04.11 15:11:11.890,1.87448,1.87479,1.50,1.12
2016.04.11 15:11:11.941,1.87453,1.87479,1.37,1.12
2016.04.11 15:11:11.992,1.87457,1.87487,1.12,1.34
2016.04.11 15:11:12.202,1.87462,1.87491,1.00,1.84
2016.04.11 15:11:12.721,1.87461,1.87487,1.00,1.34
2016.04.11 15:11:12.923,1.87442,1.87471,1.00,1.34
2016.04.11 15:11:12.974,1.87439,1.87469,1.00,1.12
2016.04.11 15:11:13.105,1.87437,1.87466,1.00,1.00
2016.04.11 15:11:13.421,1.87427,1.87454,1.00,1.34
2016.04.11 15:11:13.471,1.87424,1.87455,1.00,1.84
2016.04.11 15:11:13.573,1.87432,1.87461,1.00,1.71
2016.04.11 15:11:13.884,1.87437,1.87462,1.00,1.84
2016.04.11 15:11:13.942,1.87434,1.87462,1.00,1.84
2016.04.11 15:11:14.195,1.87435,1.87462,1.37,1.84
2016.04.11 15:11:14.498,1.87438,1.8747,1.00,1.00
2016.04.11 15:11:14.858,1.87433,1.87467,1.00,1.50
2016.04.11 15:11:15.187,1.87434,1.87469,1.12,1.12
2016.04.11 15:11:15.339,1.87437,1.87469,1.00,1.12
2016.04.11 15:11:15.901,1.87437,1.87469,1.37,1.12
2016.04.11 15:11:15.952,1.87441,1.87472,1.00,1.00
2016.04.11 15:11:16.003,1.87442,1.87474,1.00,1.12
2016.04.11 15:11:16.054,1.87444,1.87474,1.00,1.00
2016.04.11 15:11:16.156,1.87444,1.87478,2.62,1.00
2016.04.11 15:11:16.307,1.87444,1.87475,1.00,1.00
2016.04.11 15:11:16.510,1.87443,1.87478,1.12,1.00
2016.04.11 15:11:17.143,1.87443,1.87475,1.00,1.00
2016.04.11 15:11:17.294,1.87437,1.87472,1.00,1.00
2016.04.11 15:11:17.785,1.87439,1.87472,1.00,1.00
2016.04.11 15:11:18.194,1.87439,1.87475,1.37,1.00
2016.04.11 15:11:18.345,1.87445,1.87478,1.00,1.84
2016.04.11 15:11:18.856,1.87443,1.87478,1.00,2.59
2016.04.11 15:11:19.297,1.87443,1.87477,1.87,1.50
2016.04.11 15:11:19.499,1.87444,1.87478,1.00,1.75
2016.04.11 15:11:19.701,1.87442,1.87478,1.50,1.75
2016.04.11 15:11:20.601,1.87443,1.87478,1.00,1.75
2016.04.11 15:11:20.702,1.87443,1.87477,1.37,1.50
2016.04.11 15:11:21.257,1.87446,1.87477,1.00,1.50
2016.04.11 15:11:21.561,1.87438,1.87472,1.00,1.50
2016.04.11 15:11:21.662,1.87436,1.87473,1.00,2.25
2016.04.11 15:11:22.255,1.87438,1.8747,1.00,1.12
2016.04.11 15:11:22.558,1.87441,1.8747,1.00,1.12
2016.04.11 15:11:23.760,1.87439,1.8747,1.00,1.12
2016.04.11 15:11:23.962,1.87437,1.8747,1.00,1.12
2016.04.11 15:11:24.064,1.87434,1.8747,1.12,1.12
2016.04.11 15:11:24.166,1.87436,1.8747,1.00,1.12
2016.04.11 15:11:24.470,1.87434,1.8747,1.12,1.12
2016.04.11 15:11:24.529,1.87436,1.87473,1.00,2.25
2016.04.11 15:11:24.782,1.87433,1.87469,1.37,1.00
2016.04.11 15:11:24.883,1.87431,1.87466,2.25,1.00
2016.04.11 15:11:25.234,1.87432,1.87468,1.37,2.25
