2014.07.28 16:00:00.188,1.80557,1.80583,1.19,1.47
2014.07.28 16:00:00.950,1.80557,1.80583,1.19,1.32
2014.07.28 16:00:02.530,1.80558,1.80584,1.19,1.19
2014.07.28 16:00:03.644,1.80561,1.80585,1.00,2.14
2014.07.28 16:00:05.634,1.80557,1.80583,1.19,1.25
2014.07.28 16:00:05.888,1.80562,1.80585,1.00,1.67
2014.07.28 16:00:06.090,1.80556,1.80584,1.69,1.32
2014.07.28 16:00:06.834,1.80562,1.80585,1.00,1.77
2014.07.28 16:00:07.382,1.80557,1.80583,1.19,1.25
2014.07.28 16:00:07.864,1.80557,1.8058,1.19,1.00
2014.07.28 16:00:08.444,1.80557,1.8058,1.19,1.00
2014.07.28 16:00:11.168,1.80557,1.80581,1.19,1.25
2014.07.28 16:00:12.050,1.80558,1.80581,1.63,1.00
2014.07.28 16:00:12.152,1.80561,1.80585,1.25,1.20
2014.07.28 16:00:12.739,1.80561,1.80585,1.69,1.00
2014.07.28 16:00:13.259,1.80561,1.80588,1.69,1.19
2014.07.28 16:00:13.310,1.80561,1.80588,1.69,1.19
2014.07.28 16:00:18.174,1.80561,1.80588,1.69,1.00
2014.07.28 16:00:19.277,1.80561,1.80588,1.69,1.19
2014.07.28 16:00:22.085,1.80561,1.80588,1.69,1.25
2014.07.28 16:00:23.411,1.80561,1.80591,1.32,1.77
2014.07.28 16:00:28.664,1.80561,1.80591,1.19,1.77
2014.07.28 16:00:30.222,1.80561,1.80591,1.19,1.77
2014.07.28 16:00:31.326,1.80561,1.80591,1.32,1.77
2014.07.28 16:00:32.356,1.80561,1.80591,1.47,1.62
2014.07.28 16:00:36.130,1.80561,1.80591,2.22,1.62
2014.07.28 16:00:37.434,1.80561,1.8059,1.47,1.57
2014.07.28 16:00:38.561,1.80561,1.8059,1.47,1.57
2014.07.28 16:00:42.472,1.80561,1.80588,1.47,1.25
2014.07.28 16:00:44.480,1.80561,1.80586,1.39,1.25
2014.07.28 16:00:47.364,1.80561,1.80586,1.39,1.00
2014.07.28 16:00:50.674,1.80561,1.80586,1.39,1.25
2014.07.28 16:00:51.778,1.80558,1.80586,1.34,1.00
2014.07.28 16:00:53.634,1.80562,1.80587,1.25,1.25
2014.07.28 16:00:55.188,1.80562,1.80587,1.19,1.25
2014.07.28 16:00:58.352,1.80562,1.80586,1.19,1.00
2014.07.28 16:00:58.797,1.80562,1.80585,1.25,1.00
2014.07.28 16:00:59.832,1.80562,1.80585,1.13,1.19
2014.07.28 16:01:00.236,1.80562,1.8058,1.00,1.00
2014.07.28 16:01:04.049,1.80556,1.8058,1.34,1.00
2014.07.28 16:01:04.587,1.80556,1.80579,1.19,1.00
2014.07.28 16:01:05.581,1.80557,1.80577,1.25,1.00
2014.07.28 16:01:07.553,1.80557,1.80578,1.00,1.00
2014.07.28 16:01:09.755,1.80557,1.80578,1.19,1.00
2014.07.28 16:01:11.529,1.80557,1.80576,1.19,1.00
2014.07.28 16:01:12.585,1.80557,1.80576,1.00,1.00
2014.07.28 16:01:17.840,1.80557,1.80578,1.25,1.00
2014.07.28 16:01:18.155,1.80556,1.8058,1.19,1.00
2014.07.28 16:01:18.830,1.80556,1.80581,1.19,1.50
2014.07.28 16:01:19.440,1.80556,1.80581,1.19,1.50
2014.07.28 16:01:20.102,1.80556,1.80581,1.19,1.50
2014.07.28 16:01:23.874,1.80556,1.80581,1.19,1.00
2014.07.28 16:01:25.105,1.80556,1.80581,1.19,1.00
2014.07.28 16:01:25.942,1.80562,1.80581,1.00,1.00
2014.07.28 16:01:27.805,1.80562,1.80583,1.00,1.24
2014.07.28 16:01:33.139,1.80562,1.80583,1.19,1.00
2014.07.28 16:01:33.341,1.80566,1.80587,1.00,1.00
2014.07.28 16:01:33.442,1.80566,1.80588,1.19,1.00
2014.07.28 16:01:33.543,1.80566,1.80591,1.19,1.58
2014.07.28 16:01:33.846,1.80572,1.80591,1.00,1.10
2014.07.28 16:01:34.104,1.80566,1.80591,1.32,1.10
2014.07.28 16:01:34.733,1.80567,1.80591,1.19,1.10
2014.07.28 16:01:35.948,1.80567,1.80591,1.19,1.10
2014.07.28 16:01:36.857,1.80572,1.80591,1.00,1.10
2014.07.28 16:01:37.580,1.80571,1.80591,1.00,1.10
2014.07.28 16:01:43.442,1.80572,1.80591,1.00,1.10
2014.07.28 16:01:43.992,1.80567,1.80591,1.69,1.10
2014.07.28 16:01:44.936,1.80567,1.80591,1.69,1.10
2014.07.28 16:01:50.352,1.80568,1.80591,1.19,1.10
2014.07.28 16:01:51.556,1.80568,1.80591,1.00,1.02
2014.07.28 16:01:51.910,1.80566,1.80591,1.69,1.02
2014.07.28 16:01:53.310,1.80572,1.80591,1.00,1.02
2014.07.28 16:01:53.906,1.80571,1.80591,1.00,1.00
2014.07.28 16:01:54.333,1.80567,1.80591,1.32,1.00
2014.07.28 16:01:54.665,1.80571,1.80591,1.00,1.00
2014.07.28 16:01:55.204,1.80571,1.8059,1.00,1.00
2014.07.28 16:02:12.618,1.80571,1.80592,1.00,1.00
2014.07.28 16:02:13.175,1.80571,1.80591,1.00,1.00
2014.07.28 16:02:29.215,1.80572,1.80596,1.00,1.77
2014.07.28 16:02:29.757,1.80571,1.80596,1.25,1.39
2014.07.28 16:02:30.601,1.80571,1.80597,1.19,1.74
2014.07.28 16:02:31.605,1.80571,1.80597,1.25,1.74
2014.07.28 16:02:32.709,1.80567,1.80597,1.32,1.67
2014.07.28 16:02:33.219,1.80572,1.80597,1.00,1.67
2014.07.28 16:02:33.632,1.80572,1.80597,1.00,1.67
2014.07.28 16:02:36.453,1.80556,1.80581,1.84,1.00
2014.07.28 16:02:37.089,1.80556,1.80581,1.19,1.00
2014.07.28 16:02:38.074,1.80556,1.80581,1.19,1.00
2014.07.28 16:02:38.359,1.80556,1.80583,1.19,1.69
2014.07.28 16:02:39.129,1.80556,1.80583,1.19,1.69
2014.07.28 16:02:42.071,1.80556,1.80583,2.07,1.50
2014.07.28 16:02:42.273,1.80557,1.80585,1.19,1.20
2014.07.28 16:02:42.382,1.80557,1.80583,1.19,1.00
2014.07.28 16:02:42.483,1.80557,1.80583,1.32,1.19
2014.07.28 16:02:43.443,1.80557,1.80582,1.32,1.00
2014.07.28 16:02:43.940,1.80561,1.80582,1.00,1.00
2014.07.28 16:02:44.371,1.80566,1.80587,1.00,1.77
2014.07.28 16:02:44.675,1.80571,1.80592,1.00,1.67
2014.07.28 16:02:45.783,1.80571,1.80594,1.00,3.34
2014.07.28 16:02:51.272,1.80571,1.80594,1.50,1.72
2014.07.28 16:02:52.130,1.80572,1.80594,1.00,1.72
2014.07.28 16:02:52.873,1.80572,1.80594,1.00,1.47
2014.07.28 16:02:53.847,1.80572,1.80594,1.00,1.72
2014.07.28 16:02:55.954,1.80571,1.80594,1.50,1.72
2014.07.28 16:02:56.459,1.80572,1.80597,1.50,1.72
2014.07.28 16:02:57.214,1.80572,1.80598,1.00,2.22
2014.07.28 16:02:57.265,1.80572,1.80598,1.00,2.22
2014.07.28 16:02:57.366,1.80576,1.80598,1.00,1.72
2014.07.28 16:02:57.560,1.80571,1.80598,1.69,1.72
2014.07.28 16:02:58.102,1.80572,1.80598,1.00,1.72
2014.07.28 16:02:59.010,1.80571,1.80598,1.69,1.72
2014.07.28 16:02:59.363,1.80571,1.80598,1.69,1.72
2014.07.28 16:02:59.868,1.80577,1.80595,1.00,1.00
2014.07.28 16:03:00.372,1.80577,1.80601,1.00,2.97
2014.07.28 16:03:00.906,1.80577,1.80601,1.00,2.22
2014.07.28 16:03:04.643,1.80577,1.80602,1.00,2.14
2014.07.28 16:03:05.139,1.80577,1.80602,1.29,1.00
2014.07.28 16:03:05.392,1.80581,1.80606,1.00,1.87
2014.07.28 16:03:06.165,1.80581,1.80606,1.00,1.87
2014.07.28 16:03:06.469,1.80581,1.80605,1.00,1.57
2014.07.28 16:03:06.580,1.80577,1.80603,1.02,2.07
2014.07.28 16:03:06.684,1.80581,1.80603,1.00,1.67
2014.07.28 16:03:06.788,1.80576,1.80603,1.19,1.67
2014.07.28 16:03:07.674,1.80576,1.80603,1.57,1.02
2014.07.28 16:03:07.978,1.80582,1.80604,1.19,1.28
2014.07.28 16:03:08.928,1.80581,1.80606,1.19,1.02
2014.07.28 16:03:11.464,1.80581,1.80609,1.19,2.52
2014.07.28 16:03:11.875,1.80587,1.80609,1.00,1.39
2014.07.28 16:03:14.049,1.80581,1.80609,3.19,2.14
2014.07.28 16:03:19.559,1.80582,1.80608,1.69,1.40
2014.07.28 16:03:19.711,1.80587,1.80613,1.25,1.39
2014.07.28 16:03:19.762,1.80587,1.80613,1.25,1.32
2014.07.28 16:03:19.913,1.80584,1.80609,1.32,1.00
2014.07.28 16:03:21.063,1.80581,1.80609,4.09,1.00
2014.07.28 16:03:21.565,1.80583,1.80609,1.47,1.00
2014.07.28 16:03:21.666,1.80583,1.80612,1.39,1.00
2014.07.28 16:03:21.871,1.80583,1.80608,3.34,1.00
2014.07.28 16:03:22.079,1.80587,1.80611,1.19,1.00
2014.07.28 16:03:22.332,1.80583,1.80608,1.39,1.00
2014.07.28 16:03:22.969,1.80582,1.80608,2.22,1.00
2014.07.28 16:03:23.649,1.80587,1.80612,1.25,1.25
2014.07.28 16:03:23.801,1.80587,1.80614,1.19,1.19
2014.07.28 16:03:24.148,1.80584,1.80609,1.19,1.00
2014.07.28 16:03:25.377,1.80581,1.80609,2.22,1.00
2014.07.28 16:03:25.579,1.80584,1.80609,1.19,1.00
2014.07.28 16:03:25.681,1.80586,1.80612,1.19,1.25
2014.07.28 16:03:25.832,1.80584,1.80608,1.69,1.00
2014.07.28 16:03:26.918,1.80583,1.80608,1.39,1.00
2014.07.28 16:03:27.580,1.80586,1.80611,1.19,1.25
2014.07.28 16:03:28.168,1.80586,1.80612,1.19,1.00
2014.07.28 16:03:29.199,1.80586,1.80611,1.19,1.00
2014.07.28 16:03:29.791,1.80586,1.80611,1.25,1.25
2014.07.28 16:03:29.893,1.80583,1.80609,1.47,1.00
2014.07.28 16:03:30.420,1.80581,1.80608,2.22,1.00
2014.07.28 16:03:30.952,1.80581,1.80608,1.72,1.00
2014.07.28 16:03:31.657,1.80587,1.80608,1.00,1.00
2014.07.28 16:03:31.708,1.80587,1.80612,1.00,1.19
2014.07.28 16:03:32.698,1.80587,1.80612,1.19,1.00
2014.07.28 16:03:35.404,1.80587,1.80612,1.19,1.00
2014.07.28 16:03:36.707,1.80587,1.80612,1.19,1.25
2014.07.28 16:03:37.776,1.80587,1.80612,1.19,1.63
2014.07.28 16:03:38.079,1.80582,1.80608,1.72,1.00
2014.07.28 16:03:38.181,1.80588,1.80613,1.34,1.00
2014.07.28 16:03:38.231,1.80592,1.80613,1.00,1.00
2014.07.28 16:03:38.642,1.80592,1.80619,1.19,1.67
2014.07.28 16:03:38.989,1.8059,1.80617,1.29,1.38
2014.07.28 16:03:39.331,1.8059,1.80613,1.29,1.00
2014.07.28 16:03:40.164,1.80587,1.80613,1.34,1.00
2014.07.28 16:03:40.419,1.80585,1.80613,1.57,1.52
2014.07.28 16:03:40.732,1.80582,1.80604,1.74,1.00
2014.07.28 16:03:42.873,1.80581,1.80604,1.84,1.00
2014.07.28 16:03:44.078,1.80582,1.80608,1.74,1.00
2014.07.28 16:03:44.936,1.80582,1.80608,1.74,1.25
2014.07.28 16:03:46.156,1.80582,1.80608,1.74,1.00
2014.07.28 16:03:46.279,1.80581,1.80603,1.09,1.00
2014.07.28 16:03:50.654,1.80581,1.80603,2.59,1.00
2014.07.28 16:03:53.351,1.8058,1.80603,1.84,1.00
2014.07.28 16:03:55.379,1.80581,1.80603,1.47,1.00
2014.07.28 16:03:55.480,1.8058,1.80603,1.13,1.19
2014.07.28 16:03:55.581,1.80577,1.80603,2.44,1.00
2014.07.28 16:03:55.884,1.8058,1.80599,1.19,1.00
2014.07.28 16:03:55.985,1.80576,1.80599,1.47,1.00
2014.07.28 16:03:56.495,1.80578,1.80599,1.32,1.00
2014.07.28 16:03:56.647,1.80579,1.80603,1.69,1.00
2014.07.28 16:03:57.641,1.80581,1.80604,1.19,1.00
2014.07.28 16:03:58.204,1.8058,1.80603,1.32,1.00
2014.07.28 16:04:01.780,1.80581,1.80604,1.19,1.00
2014.07.28 16:04:02.994,1.80581,1.80604,1.19,1.00
2014.07.28 16:04:05.685,1.8058,1.80603,1.32,1.00
2014.07.28 16:04:06.333,1.80581,1.80604,1.19,1.00
2014.07.28 16:04:07.238,1.80576,1.80604,2.22,1.50
2014.07.28 16:04:07.289,1.80575,1.80598,2.22,1.00
2014.07.28 16:04:07.440,1.80574,1.80598,1.47,1.00
2014.07.28 16:04:07.642,1.80574,1.80602,1.47,1.25
2014.07.28 16:04:07.693,1.80575,1.806,1.34,1.00
2014.07.28 16:04:08.248,1.80576,1.80601,1.84,1.00
2014.07.28 16:04:08.721,1.80577,1.80602,1.19,1.00
2014.07.28 16:04:08.772,1.80577,1.80604,1.19,1.50
2014.07.28 16:04:09.597,1.80582,1.80607,1.25,1.47
2014.07.28 16:04:09.927,1.80582,1.80607,1.25,1.47
2014.07.28 16:04:11.112,1.80582,1.80607,1.19,1.09
2014.07.28 16:04:13.582,1.8058,1.80603,1.32,1.00
2014.07.28 16:04:13.887,1.80582,1.80607,1.19,1.20
2014.07.28 16:04:14.137,1.8058,1.80603,1.32,1.00
2014.07.28 16:04:15.434,1.80582,1.80607,1.19,1.28
2014.07.28 16:04:15.958,1.80582,1.80608,1.19,1.38
2014.07.28 16:04:16.543,1.8058,1.80603,1.29,1.00
2014.07.28 16:04:16.644,1.80581,1.80609,1.19,1.63
2014.07.28 16:04:16.905,1.80581,1.80609,2.44,1.63
2014.07.28 16:04:17.329,1.80581,1.80603,1.19,1.00
2014.07.28 16:04:19.439,1.8058,1.80603,1.29,1.00
2014.07.28 16:04:20.643,1.8058,1.80603,1.29,1.00
2014.07.28 16:04:24.273,1.80579,1.80603,1.84,1.00
2014.07.28 16:04:25.280,1.8058,1.80603,1.29,1.00
2014.07.28 16:04:25.877,1.80581,1.80607,1.19,1.13
2014.07.28 16:04:26.140,1.8058,1.80604,1.29,1.00
2014.07.28 16:04:27.102,1.80578,1.80604,2.97,1.00
2014.07.28 16:04:27.489,1.80576,1.80604,1.19,1.13
2014.07.28 16:04:27.540,1.80576,1.80604,1.19,1.38
2014.07.28 16:04:27.893,1.80574,1.806,1.39,1.00
2014.07.28 16:04:28.420,1.80571,1.806,2.22,1.38
2014.07.28 16:04:28.924,1.80571,1.806,2.22,1.38
2014.07.28 16:04:30.073,1.80573,1.806,1.34,1.38
2014.07.28 16:04:31.282,1.80573,1.806,1.72,1.00
2014.07.28 16:04:31.787,1.80576,1.80602,1.19,1.19
2014.07.28 16:04:32.229,1.80576,1.80602,1.19,1.00
2014.07.28 16:04:33.184,1.80576,1.80602,1.69,1.00
2014.07.28 16:04:35.180,1.80581,1.80603,1.25,1.00
2014.07.28 16:04:35.501,1.80581,1.80606,1.19,1.15
2014.07.28 16:04:36.693,1.80582,1.80609,1.19,1.40
2014.07.28 16:04:40.100,1.80581,1.80608,1.19,1.15
2014.07.28 16:04:42.408,1.80579,1.80604,3.57,1.00
2014.07.28 16:04:44.712,1.80576,1.80604,2.82,1.00
2014.07.28 16:04:45.815,1.80577,1.80604,1.57,1.00
2014.07.28 16:04:46.874,1.80576,1.80604,2.82,1.00
2014.07.28 16:04:47.627,1.8058,1.80604,1.19,1.00
2014.07.28 16:04:47.728,1.80581,1.80608,1.19,1.08
2014.07.28 16:04:49.837,1.80579,1.80608,2.44,1.27
2014.07.28 16:04:49.888,1.80579,1.80603,2.07,1.00
2014.07.28 16:04:50.410,1.80579,1.80604,1.32,1.00
2014.07.28 16:04:50.880,1.80581,1.80606,1.19,1.00
2014.07.28 16:04:51.092,1.80578,1.80603,2.14,1.00
2014.07.28 16:04:51.606,1.80579,1.80604,1.57,1.00
2014.07.28 16:04:51.657,1.80581,1.80608,1.19,1.39
2014.07.28 16:04:51.870,1.8058,1.80603,1.69,1.00
2014.07.28 16:04:52.416,1.80581,1.80603,1.19,1.00
2014.07.28 16:04:54.940,1.80581,1.80603,1.19,1.00
2014.07.28 16:04:57.688,1.80581,1.80603,1.32,1.00
2014.07.28 16:05:01.341,1.80582,1.80608,1.19,1.58
2014.07.28 16:05:02.006,1.80586,1.80609,1.25,1.00
2014.07.28 16:05:05.094,1.80586,1.80609,1.19,1.00
2014.07.28 16:05:08.580,1.80586,1.80609,1.19,1.00
2014.07.28 16:05:14.709,1.80586,1.80609,1.19,1.00
2014.07.28 16:05:18.298,1.80586,1.8061,1.19,1.00
2014.07.28 16:05:18.807,1.80587,1.80609,1.19,1.00
2014.07.28 16:05:20.711,1.80586,1.80609,1.25,1.00
2014.07.28 16:05:21.850,1.80583,1.80609,1.19,1.50
2014.07.28 16:05:26.551,1.80581,1.80609,2.97,1.69
2014.07.28 16:05:27.535,1.80581,1.80609,2.97,1.50
2014.07.28 16:05:27.990,1.80583,1.80611,1.19,1.25
2014.07.28 16:05:28.169,1.80582,1.80608,1.39,1.00
2014.07.28 16:05:28.759,1.80582,1.80608,1.77,1.50
2014.07.28 16:05:29.975,1.80582,1.80608,1.77,1.69
2014.07.28 16:05:32.643,1.80582,1.80608,2.14,1.50
2014.07.28 16:05:35.365,1.80582,1.80608,2.14,1.50
2014.07.28 16:05:36.318,1.80581,1.80604,1.74,1.00
2014.07.28 16:05:36.419,1.80582,1.80608,1.39,1.50
2014.07.28 16:05:36.610,1.80582,1.80604,1.39,1.00
2014.07.28 16:05:36.830,1.80582,1.80608,2.14,1.50
2014.07.28 16:05:38.037,1.80579,1.80604,2.97,1.00
2014.07.28 16:05:41.170,1.80581,1.80604,1.74,1.00
2014.07.28 16:05:43.104,1.80582,1.80608,1.32,1.50
2014.07.28 16:05:43.712,1.80583,1.80608,1.19,1.00
2014.07.28 16:05:44.998,1.80586,1.8061,1.19,1.10
2014.07.28 16:05:54.029,1.80587,1.80611,1.19,1.28
2014.07.28 16:05:54.414,1.80584,1.80608,1.19,1.00
2014.07.28 16:05:54.537,1.80586,1.8061,1.19,1.10
2014.07.28 16:05:55.347,1.80586,1.80609,1.19,1.00
2014.07.28 16:05:57.635,1.80584,1.80608,1.19,1.00
2014.07.28 16:05:58.167,1.80586,1.80609,1.19,1.00
2014.07.28 16:05:58.853,1.80586,1.8061,1.19,1.10
2014.07.28 16:05:59.537,1.80586,1.8061,1.19,1.02
2014.07.28 16:06:00.631,1.80587,1.80611,1.19,1.28
2014.07.28 16:06:02.143,1.80584,1.80608,1.19,1.00
2014.07.28 16:06:03.232,1.80583,1.80608,1.69,1.00
2014.07.28 16:06:05.097,1.80586,1.80611,1.19,1.47
2014.07.28 16:06:07.426,1.80586,1.80613,1.19,1.72
2014.07.28 16:06:08.729,1.80586,1.80613,1.19,1.78
2014.07.28 16:06:09.420,1.80586,1.80613,1.19,2.15
2014.07.28 16:06:09.572,1.80586,1.80609,1.25,1.39
2014.07.28 16:06:09.673,1.80582,1.80609,1.19,1.69
2014.07.28 16:06:10.539,1.80586,1.80614,1.00,1.72
2014.07.28 16:06:11.148,1.80587,1.80613,1.00,1.72
2014.07.28 16:06:11.688,1.80587,1.80616,1.19,1.09
2014.07.28 16:06:12.647,1.80586,1.80614,1.19,1.84
2014.07.28 16:06:13.954,1.80587,1.80613,1.25,1.72
2014.07.28 16:06:14.975,1.80587,1.80613,1.00,1.72
2014.07.28 16:06:16.927,1.80586,1.80614,1.25,1.84
2014.07.28 16:06:17.601,1.80586,1.80614,1.19,1.84
2014.07.28 16:06:18.558,1.80584,1.80609,1.19,1.00
2014.07.28 16:06:19.061,1.80584,1.80608,1.19,1.00
2014.07.28 16:06:19.626,1.80584,1.80609,1.19,1.00
2014.07.28 16:06:19.677,1.80584,1.80609,1.19,1.25
2014.07.28 16:06:20.133,1.80584,1.80604,1.19,1.00
2014.07.28 16:06:20.184,1.80584,1.80604,1.00,1.00
2014.07.28 16:06:20.235,1.80579,1.80604,1.72,1.00
2014.07.28 16:06:20.353,1.80582,1.80608,1.25,1.19
2014.07.28 16:06:20.606,1.80582,1.80608,2.82,1.00
2014.07.28 16:06:20.909,1.80589,1.80613,1.19,1.50
2014.07.28 16:06:21.314,1.80587,1.80613,1.19,1.25
2014.07.28 16:06:21.415,1.80587,1.80613,1.19,1.00
2014.07.28 16:06:21.975,1.80588,1.80613,1.09,1.00
2014.07.28 16:06:22.317,1.80589,1.80613,1.72,1.00
2014.07.28 16:06:26.195,1.80589,1.80614,2.22,1.00
2014.07.28 16:06:27.528,1.80589,1.80614,1.19,1.25
2014.07.28 16:06:27.846,1.80586,1.80608,1.32,1.00
2014.07.28 16:06:28.945,1.80584,1.80608,2.97,1.00
2014.07.28 16:06:30.665,1.80587,1.80613,1.19,1.88
2014.07.28 16:06:33.320,1.80587,1.80613,1.19,1.88
2014.07.28 16:06:33.851,1.80586,1.80613,2.44,1.13
2014.07.28 16:06:35.656,1.80587,1.80608,1.19,1.00
2014.07.28 16:06:36.123,1.80582,1.80608,4.47,1.00
2014.07.28 16:06:36.174,1.80582,1.80603,2.97,1.00
2014.07.28 16:06:36.376,1.80582,1.80609,2.59,1.00
2014.07.28 16:06:37.447,1.80582,1.80609,1.84,1.00
2014.07.28 16:06:38.924,1.80581,1.80609,3.34,1.88
2014.07.28 16:06:39.075,1.80581,1.80609,1.69,2.03
2014.07.28 16:06:39.176,1.80581,1.80604,1.19,1.00
2014.07.28 16:06:39.479,1.80578,1.80599,1.19,1.00
2014.07.28 16:06:39.580,1.80578,1.80604,1.19,1.88
2014.07.28 16:06:41.106,1.80579,1.80604,1.69,1.00
2014.07.28 16:06:41.794,1.80579,1.80604,1.57,1.00
2014.07.28 16:06:43.154,1.8058,1.80604,1.19,1.00
2014.07.28 16:06:45.577,1.8058,1.80604,1.69,1.00
2014.07.28 16:06:45.679,1.80581,1.80607,1.19,1.00
2014.07.28 16:06:46.287,1.80581,1.80609,1.69,2.03
2014.07.28 16:06:46.994,1.80583,1.80609,1.19,2.03
2014.07.28 16:06:47.961,1.80582,1.80609,1.69,2.03
2014.07.28 16:06:50.464,1.80582,1.80609,1.19,2.22
2014.07.28 16:06:59.605,1.80582,1.80609,1.69,1.95
2014.07.28 16:07:03.499,1.80582,1.80609,2.44,1.88
2014.07.28 16:07:05.502,1.80582,1.80609,1.69,1.88
2014.07.28 16:07:06.807,1.80582,1.80609,1.69,1.32
2014.07.28 16:07:09.414,1.80582,1.80609,2.44,1.13
2014.07.28 16:07:13.137,1.80582,1.80608,3.57,1.00
2014.07.28 16:07:13.727,1.80582,1.80609,2.82,1.13
2014.07.28 16:07:14.434,1.80583,1.80609,1.19,1.13
2014.07.28 16:07:15.184,1.80582,1.80609,2.82,1.13
2014.07.28 16:07:16.538,1.80583,1.80609,1.19,1.13
2014.07.28 16:07:19.020,1.80587,1.80611,1.19,1.32
2014.07.28 16:07:20.149,1.80587,1.80611,1.25,1.13
2014.07.28 16:07:25.588,1.80587,1.80611,1.19,1.32
2014.07.28 16:07:27.773,1.80587,1.80611,1.25,1.13
2014.07.28 16:07:29.708,1.80586,1.80611,1.19,1.13
2014.07.28 16:07:30.706,1.80586,1.80611,1.19,1.13
2014.07.28 16:07:32.787,1.80587,1.80611,1.19,1.13
2014.07.28 16:07:38.620,1.80586,1.80611,2.44,1.00
2014.07.28 16:07:40.502,1.80586,1.80611,1.69,1.38
2014.07.28 16:07:40.654,1.80587,1.80611,1.19,1.38
2014.07.28 16:07:41.162,1.80584,1.80609,1.29,1.00
2014.07.28 16:07:41.718,1.80583,1.80609,2.22,1.00
2014.07.28 16:07:43.845,1.80583,1.80608,1.84,1.00
2014.07.28 16:07:44.823,1.80582,1.80608,1.34,1.00
2014.07.28 16:07:45.669,1.8059,1.80608,1.25,1.00
2014.07.28 16:07:45.719,1.80592,1.80614,1.00,1.29
2014.07.28 16:07:46.443,1.80589,1.80618,1.19,1.72
2014.07.28 16:07:46.980,1.80587,1.80613,1.69,1.10
2014.07.28 16:07:48.055,1.80585,1.80613,1.32,1.10
2014.07.28 16:07:49.086,1.80585,1.80613,1.32,1.77
2014.07.28 16:07:51.536,1.80585,1.80613,1.19,2.14
2014.07.28 16:07:51.839,1.80585,1.80604,1.19,1.00
2014.07.28 16:07:52.549,1.80581,1.80604,2.22,1.00
2014.07.28 16:07:53.805,1.80581,1.80604,2.97,1.00
2014.07.28 16:07:55.059,1.80581,1.80604,2.22,1.00
2014.07.28 16:07:56.265,1.80582,1.80604,1.37,1.00
2014.07.28 16:08:02.885,1.80581,1.80604,3.72,1.00
2014.07.28 16:08:06.295,1.80581,1.80604,2.22,1.00
2014.07.28 16:08:06.397,1.80582,1.80606,1.37,1.00
2014.07.28 16:08:06.900,1.80582,1.80606,1.19,1.00
2014.07.28 16:08:08.000,1.80582,1.80606,1.19,1.00
2014.07.28 16:08:10.316,1.80582,1.80604,1.19,1.00
2014.07.28 16:08:10.534,1.80582,1.80608,1.19,1.00
2014.07.28 16:08:12.845,1.80582,1.80608,1.19,1.00
2014.07.28 16:08:13.816,1.80582,1.80608,1.69,1.00
2014.07.28 16:08:16.524,1.80582,1.80608,1.19,1.00
2014.07.28 16:08:18.631,1.80582,1.80608,1.69,1.00
2014.07.28 16:08:19.935,1.80582,1.80608,1.19,1.00
2014.07.28 16:08:21.248,1.80582,1.80603,1.19,1.00
2014.07.28 16:08:21.778,1.80581,1.80604,1.39,1.00
2014.07.28 16:08:25.753,1.80582,1.80604,1.19,1.00
2014.07.28 16:08:27.057,1.80581,1.80604,1.84,1.00
2014.07.28 16:08:31.925,1.80581,1.80603,1.37,1.00
2014.07.28 16:08:32.094,1.80582,1.80608,1.77,1.50
2014.07.28 16:08:32.866,1.80581,1.80604,1.37,1.00
2014.07.28 16:08:33.414,1.8058,1.80604,2.22,1.00
2014.07.28 16:08:36.297,1.80582,1.80608,1.29,1.50
2014.07.28 16:08:37.042,1.80582,1.80608,1.77,1.50
2014.07.28 16:08:50.254,1.80582,1.80608,1.37,1.50
2014.07.28 16:08:55.256,1.80582,1.80608,1.37,1.50
2014.07.28 16:08:59.645,1.80582,1.80608,1.37,1.50
2014.07.28 16:09:01.150,1.80582,1.80608,1.37,1.50
2014.07.28 16:09:02.465,1.80582,1.80607,1.37,1.00
2014.07.28 16:09:09.021,1.80582,1.80607,1.19,1.00
2014.07.28 16:09:10.210,1.80582,1.80607,1.19,1.19
2014.07.28 16:09:11.153,1.8058,1.80603,2.22,1.00
2014.07.28 16:09:11.553,1.8058,1.80603,2.97,1.00
2014.07.28 16:09:14.404,1.80581,1.80603,1.29,1.00
2014.07.28 16:09:17.602,1.8058,1.80603,2.22,1.00
2014.07.28 16:09:22.525,1.80581,1.80603,1.29,1.00
2014.07.28 16:09:23.822,1.8058,1.80603,1.84,1.00
2014.07.28 16:09:23.923,1.80581,1.80606,1.29,1.00
2014.07.28 16:09:28.963,1.80581,1.80604,1.19,1.00
2014.07.28 16:09:34.915,1.80578,1.80604,1.32,2.07
2014.07.28 16:09:35.167,1.80575,1.80599,1.19,1.00
2014.07.28 16:09:35.318,1.80574,1.80599,1.19,1.19
2014.07.28 16:09:35.420,1.80573,1.80598,1.50,1.19
2014.07.28 16:09:35.723,1.8057,1.80593,1.19,1.00
2014.07.28 16:09:35.925,1.8057,1.80595,1.19,1.00
2014.07.28 16:09:36.534,1.8057,1.80595,1.19,1.25
2014.07.28 16:09:38.367,1.80568,1.80594,1.94,1.00
2014.07.28 16:09:38.670,1.80582,1.80605,1.00,1.57
2014.07.28 16:09:39.261,1.80582,1.80605,1.19,1.13
2014.07.28 16:09:40.448,1.80582,1.80605,1.19,1.13
2014.07.28 16:09:41.832,1.8058,1.80604,1.19,1.00
2014.07.28 16:09:42.378,1.8058,1.80604,1.69,1.00
2014.07.28 16:09:43.210,1.80581,1.80604,1.19,1.00
2014.07.28 16:09:44.212,1.8058,1.80604,2.07,1.00
2014.07.28 16:09:47.220,1.80581,1.80604,1.19,1.00
2014.07.28 16:09:49.225,1.8058,1.80604,2.07,1.00
2014.07.28 16:09:50.731,1.80579,1.80604,1.20,1.19
2014.07.28 16:09:50.984,1.80576,1.80597,1.19,1.00
2014.07.28 16:09:51.035,1.80576,1.80597,1.25,1.00
2014.07.28 16:09:51.187,1.80572,1.80595,1.05,1.00
2014.07.28 16:09:52.660,1.80571,1.80595,2.18,1.00
2014.07.28 16:09:53.750,1.80571,1.80596,1.68,1.00
2014.07.28 16:09:53.801,1.80572,1.80596,2.18,1.00
2014.07.28 16:09:54.407,1.80577,1.80597,1.09,1.00
2014.07.28 16:09:56.654,1.80577,1.80597,1.28,1.00
2014.07.28 16:09:57.661,1.80577,1.80597,1.09,1.00
2014.07.28 16:09:58.982,1.80577,1.80597,1.28,1.00
2014.07.28 16:10:00.163,1.80577,1.80597,1.28,1.00
2014.07.28 16:10:00.861,1.80582,1.80597,1.00,1.00
2014.07.28 16:10:01.122,1.80582,1.80599,1.00,1.00
2014.07.28 16:10:01.324,1.80582,1.80602,1.00,1.13
2014.07.28 16:10:01.831,1.80582,1.80604,1.19,1.08
2014.07.28 16:10:02.332,1.80581,1.80604,1.19,1.00
2014.07.28 16:10:02.841,1.80581,1.80604,1.19,1.00
2014.07.28 16:10:05.086,1.80581,1.80604,1.19,1.00
2014.07.28 16:10:06.289,1.80581,1.80604,1.19,1.00
2014.07.28 16:10:06.795,1.80581,1.80605,1.19,1.05
2014.07.28 16:10:07.607,1.80581,1.80605,1.19,1.05
2014.07.28 16:10:08.173,1.80579,1.80603,2.52,1.00
2014.07.28 16:10:08.724,1.8058,1.80603,1.19,1.00
2014.07.28 16:10:13.023,1.8058,1.80603,1.19,1.00
2014.07.28 16:10:14.016,1.80579,1.80603,1.77,1.00
2014.07.28 16:10:18.077,1.8058,1.80603,1.19,1.00
2014.07.28 16:10:18.775,1.80577,1.80603,1.43,1.38
2014.07.28 16:10:19.078,1.80576,1.806,1.59,1.19
2014.07.28 16:10:19.563,1.80571,1.80595,1.47,1.00
2014.07.28 16:10:20.280,1.80569,1.80595,1.84,1.00
2014.07.28 16:10:21.346,1.80569,1.80595,1.34,1.25
2014.07.28 16:10:22.848,1.80567,1.80595,2.55,1.19
2014.07.28 16:10:23.851,1.80568,1.80597,1.34,1.19
2014.07.28 16:10:25.270,1.80568,1.80597,1.34,1.19
2014.07.28 16:10:26.760,1.80568,1.80597,1.34,1.25
2014.07.28 16:10:27.801,1.80568,1.80597,1.34,1.19
2014.07.28 16:10:29.804,1.80568,1.80595,1.34,1.00
2014.07.28 16:10:33.276,1.80568,1.80595,2.22,1.00
2014.07.28 16:10:34.294,1.80578,1.80595,2.03,1.00
2014.07.28 16:10:34.597,1.80581,1.80597,1.69,1.00
2014.07.28 16:10:34.648,1.80581,1.80606,2.03,1.13
2014.07.28 16:10:35.484,1.80581,1.80606,1.53,1.13
2014.07.28 16:10:36.283,1.8058,1.80604,2.10,1.00
2014.07.28 16:10:36.829,1.80582,1.80604,1.53,1.00
2014.07.28 16:10:36.879,1.80582,1.80606,2.03,1.13
2014.07.28 16:10:37.905,1.80583,1.80606,1.19,1.13
2014.07.28 16:10:39.203,1.80583,1.80606,1.19,1.13
2014.07.28 16:10:39.363,1.80583,1.80603,1.19,1.00
2014.07.28 16:10:40.523,1.80582,1.80603,1.19,1.00
2014.07.28 16:10:40.847,1.80579,1.80603,1.17,1.33
2014.07.28 16:10:40.948,1.80578,1.80593,1.25,1.00
2014.07.28 16:10:41.049,1.80573,1.80592,1.15,1.00
2014.07.28 16:10:41.157,1.80582,1.80592,1.00,1.00
2014.07.28 16:10:41.359,1.80582,1.80604,2.03,1.00
2014.07.28 16:10:41.612,1.80582,1.80607,2.03,1.19
2014.07.28 16:10:42.114,1.80582,1.80605,2.78,1.00
2014.07.28 16:10:43.641,1.80582,1.80605,2.78,1.63
2014.07.28 16:10:43.944,1.80576,1.80593,1.00,1.00
2014.07.28 16:10:44.096,1.80575,1.80598,1.00,1.32
2014.07.28 16:10:44.247,1.80572,1.80592,2.18,1.00
2014.07.28 16:10:46.303,1.80572,1.80594,2.18,1.00
2014.07.28 16:10:46.667,1.80577,1.80595,1.00,1.00
2014.07.28 16:10:47.833,1.80571,1.80595,2.55,1.00
2014.07.28 16:10:50.341,1.80572,1.80595,1.68,1.00
2014.07.28 16:10:51.344,1.80571,1.80595,3.30,1.00
2014.07.28 16:10:56.757,1.80572,1.80595,1.68,1.00
2014.07.28 16:10:57.860,1.80571,1.80595,3.30,1.00
2014.07.28 16:10:59.165,1.80572,1.80595,1.68,1.00
2014.07.28 16:11:01.377,1.80573,1.80595,1.05,1.00
2014.07.28 16:11:02.463,1.80572,1.80593,1.80,1.00
2014.07.28 16:11:02.903,1.80572,1.80595,1.80,1.00
2014.07.28 16:11:03.156,1.80576,1.80597,1.25,1.00
2014.07.28 16:11:03.307,1.80576,1.80597,1.19,1.00
2014.07.28 16:11:03.611,1.80582,1.80608,1.70,1.25
2014.07.28 16:11:04.128,1.80587,1.8061,1.00,1.57
2014.07.28 16:11:05.009,1.80587,1.8061,1.25,1.13
2014.07.28 16:11:08.655,1.80587,1.8061,1.25,1.63
2014.07.28 16:11:08.908,1.80578,1.80606,1.00,1.39
2014.07.28 16:11:08.958,1.80577,1.80603,1.69,1.64
2014.07.28 16:11:09.266,1.80581,1.80603,1.50,1.78
2014.07.28 16:11:09.725,1.80579,1.80605,2.07,1.08
2014.07.28 16:11:09.775,1.80579,1.80605,2.07,1.00
2014.07.28 16:11:09.877,1.80581,1.80609,1.68,2.07
2014.07.28 16:11:10.518,1.80583,1.80609,1.53,1.57
2014.07.28 16:11:12.658,1.80583,1.80609,1.53,1.63
2014.07.28 16:11:16.468,1.80583,1.80608,1.28,1.13
2014.07.28 16:11:17.501,1.80583,1.80608,1.28,1.13
2014.07.28 16:11:18.661,1.80583,1.80608,1.28,1.13
2014.07.28 16:11:19.678,1.80583,1.80608,1.28,1.00
2014.07.28 16:11:20.413,1.80587,1.80612,1.00,1.69
2014.07.28 16:11:22.172,1.80587,1.80612,1.00,1.57
2014.07.28 16:11:22.712,1.80587,1.80612,1.19,1.63
2014.07.28 16:11:23.412,1.80583,1.80608,1.69,1.00
2014.07.28 16:11:23.614,1.80587,1.80613,1.19,2.59
2014.07.28 16:11:23.766,1.80587,1.8061,1.25,1.83
2014.07.28 16:11:23.817,1.80582,1.80608,1.19,1.84
2014.07.28 16:11:24.120,1.80582,1.80605,1.00,1.57
2014.07.28 16:11:24.170,1.80579,1.80604,1.00,1.69
2014.07.28 16:11:24.221,1.80579,1.80603,1.00,1.72
2014.07.28 16:11:24.272,1.80571,1.806,1.29,1.39
2014.07.28 16:11:24.373,1.80582,1.806,1.00,1.29
2014.07.28 16:11:24.424,1.80582,1.806,1.50,1.02
2014.07.28 16:11:27.091,1.80572,1.806,1.19,1.67
2014.07.28 16:11:29.822,1.80572,1.806,1.19,1.67
2014.07.28 16:11:31.013,1.80572,1.806,1.19,1.67
2014.07.28 16:11:33.185,1.80576,1.806,1.00,1.67
2014.07.28 16:11:34.756,1.80576,1.806,1.00,1.67
2014.07.28 16:11:36.920,1.80571,1.806,1.39,1.67
2014.07.28 16:11:41.731,1.80571,1.806,1.39,1.67
2014.07.28 16:11:44.837,1.80571,1.806,1.32,1.72
2014.07.28 16:11:46.188,1.80571,1.806,1.19,1.72
2014.07.28 16:11:49.150,1.80571,1.806,1.25,1.72
2014.07.28 16:11:50.354,1.80571,1.806,1.19,1.72
2014.07.28 16:11:51.358,1.80571,1.806,1.19,1.72
2014.07.28 16:11:53.577,1.80572,1.806,1.25,2.22
2014.07.28 16:11:54.666,1.80572,1.806,1.25,1.72
2014.07.28 16:11:55.262,1.80572,1.80597,1.25,1.63
2014.07.28 16:11:58.073,1.80572,1.80597,1.25,1.25
2014.07.28 16:11:58.124,1.80577,1.80597,1.00,1.00
2014.07.28 16:11:58.376,1.80572,1.80602,1.32,1.72
2014.07.28 16:11:58.830,1.80571,1.80599,1.19,1.77
2014.07.28 16:11:59.334,1.80571,1.80599,1.19,1.77
2014.07.28 16:12:00.985,1.80572,1.80599,1.00,1.77
2014.07.28 16:12:01.877,1.80569,1.80599,1.19,2.22
2014.07.28 16:12:02.365,1.80569,1.80599,1.19,2.97
2014.07.28 16:12:02.891,1.80569,1.80593,1.19,1.00
2014.07.28 16:12:12.717,1.80571,1.80593,1.19,1.00
2014.07.28 16:12:14.630,1.80571,1.80594,1.19,1.00
2014.07.28 16:12:15.624,1.80571,1.80594,1.19,1.00
2014.07.28 16:12:15.949,1.80571,1.80599,1.19,1.77
2014.07.28 16:12:16.089,1.80571,1.80599,1.27,1.29
2014.07.28 16:12:16.394,1.80579,1.80603,1.84,1.00
2014.07.28 16:12:16.696,1.80581,1.80604,1.34,1.00
2014.07.28 16:12:24.962,1.80584,1.80604,1.19,1.00
2014.07.28 16:12:27.562,1.80584,1.80604,1.19,1.00
2014.07.28 16:12:29.000,1.80584,1.80604,1.19,1.00
2014.07.28 16:12:29.810,1.80584,1.80603,1.19,1.00
2014.07.28 16:12:30.359,1.80584,1.80603,1.19,1.00
2014.07.28 16:12:30.675,1.80581,1.80603,1.25,1.13
2014.07.28 16:12:30.877,1.80579,1.80603,1.00,2.07
2014.07.28 16:12:30.978,1.80579,1.80603,1.00,1.57
2014.07.28 16:12:31.079,1.80575,1.80603,1.53,1.57
2014.07.28 16:12:38.820,1.80575,1.80598,1.78,1.00
2014.07.28 16:12:39.418,1.80575,1.80603,1.78,2.07
2014.07.28 16:12:40.738,1.80575,1.80603,1.72,1.57
2014.07.28 16:12:40.952,1.80575,1.80598,1.72,1.00
2014.07.28 16:12:41.154,1.80575,1.80603,1.72,1.19
2014.07.28 16:12:41.722,1.80575,1.80603,1.72,1.19
2014.07.28 16:12:42.926,1.80575,1.80603,1.47,1.32
2014.07.28 16:12:43.452,1.80575,1.80599,1.47,1.00
2014.07.28 16:12:43.976,1.80575,1.80603,1.28,1.32
2014.07.28 16:12:46.097,1.80573,1.80599,1.72,1.00
2014.07.28 16:12:50.040,1.80573,1.80599,1.72,1.19
2014.07.28 16:12:50.758,1.80576,1.80603,1.00,1.32
2014.07.28 16:12:51.343,1.80576,1.80604,1.25,2.07
2014.07.28 16:12:51.545,1.80577,1.80604,1.25,1.57
2014.07.28 16:12:51.596,1.80582,1.80604,1.00,1.19
2014.07.28 16:12:51.647,1.80582,1.80604,1.25,1.00
2014.07.28 16:12:51.799,1.80582,1.80605,2.14,1.00
2014.07.28 16:12:52.002,1.80586,1.80612,1.00,1.27
2014.07.28 16:12:54.876,1.80586,1.80614,1.19,2.97
2014.07.28 16:12:55.965,1.80586,1.80613,1.00,1.74
2014.07.28 16:12:57.972,1.80586,1.80613,1.19,1.74
2014.07.28 16:12:59.264,1.80586,1.80613,1.25,1.74
2014.07.28 16:13:00.369,1.80586,1.80613,1.19,1.74
2014.07.28 16:13:01.511,1.80586,1.80613,1.19,1.47
2014.07.28 16:13:08.300,1.80592,1.80612,1.00,1.27
2014.07.28 16:13:09.050,1.80591,1.80615,1.00,1.77
2014.07.28 16:13:13.106,1.80591,1.80615,1.00,1.62
2014.07.28 16:13:15.560,1.80587,1.80613,1.57,1.19
2014.07.28 16:13:16.319,1.80587,1.80613,1.32,1.19
2014.07.28 16:13:17.719,1.80587,1.80613,1.32,1.25
2014.07.28 16:13:20.427,1.80587,1.80613,1.32,1.19
2014.07.28 16:13:21.650,1.80587,1.80613,1.32,1.19
2014.07.28 16:13:23.840,1.80587,1.80613,1.32,1.00
2014.07.28 16:13:24.851,1.80587,1.80613,1.13,1.19
2014.07.28 16:13:25.154,1.80591,1.80608,1.00,1.19
2014.07.28 16:13:25.356,1.80586,1.80608,1.00,1.19
2014.07.28 16:13:28.559,1.80586,1.80608,1.00,1.69
2014.07.28 16:13:30.299,1.80587,1.80608,1.00,1.69
2014.07.28 16:13:30.365,1.80587,1.80608,1.00,1.69
2014.07.28 16:13:30.879,1.80587,1.80605,1.00,1.00
2014.07.28 16:13:32.657,1.80596,1.80605,1.00,1.00
2014.07.28 16:13:32.707,1.80596,1.80611,1.00,1.39
2014.07.28 16:13:32.859,1.80592,1.80611,1.00,1.20
2014.07.28 16:13:32.910,1.80587,1.80613,1.19,1.19
2014.07.28 16:13:33.418,1.80596,1.80613,1.00,1.19
2014.07.28 16:13:33.721,1.80596,1.80614,1.19,1.00
2014.07.28 16:13:33.823,1.80601,1.80614,1.00,1.00
2014.07.28 16:13:33.924,1.80601,1.80623,1.00,1.37
2014.07.28 16:13:34.076,1.80607,1.80623,1.00,1.37
2014.07.28 16:13:34.403,1.80601,1.80623,1.00,1.37
2014.07.28 16:13:36.159,1.80602,1.80622,1.00,1.25
2014.07.28 16:13:36.754,1.80602,1.8062,1.00,1.38
2014.07.28 16:13:36.906,1.80596,1.80618,1.00,1.32
2014.07.28 16:13:37.007,1.80596,1.80611,1.00,1.00
2014.07.28 16:13:37.159,1.80592,1.80611,1.00,1.13
2014.07.28 16:13:37.676,1.80592,1.8061,1.00,1.00
2014.07.28 16:13:38.131,1.80586,1.8061,1.19,1.00
2014.07.28 16:13:38.805,1.80586,1.8061,1.00,1.32
2014.07.28 16:13:38.906,1.80586,1.8061,1.00,2.44
2014.07.28 16:13:39.108,1.80582,1.80605,1.00,1.57
2014.07.28 16:13:39.160,1.80576,1.80607,2.52,1.29
2014.07.28 16:13:40.428,1.80581,1.80611,1.34,1.19
2014.07.28 16:13:41.750,1.80582,1.80611,1.39,1.19
2014.07.28 16:13:43.123,1.80581,1.80611,1.72,1.32
2014.07.28 16:13:46.183,1.80591,1.80611,1.00,1.25
2014.07.28 16:13:46.385,1.80586,1.80611,1.00,1.25
2014.07.28 16:13:47.237,1.80586,1.80611,1.19,1.25
2014.07.28 16:13:50.491,1.80586,1.80611,1.19,1.00
2014.07.28 16:13:52.787,1.80586,1.80611,1.25,1.25
2014.07.28 16:13:54.105,1.80586,1.80611,1.19,1.25
2014.07.28 16:13:55.084,1.80586,1.80611,1.19,1.00
2014.07.28 16:13:55.600,1.80592,1.80611,1.00,1.00
2014.07.28 16:13:56.121,1.80592,1.80616,1.00,1.72
2014.07.28 16:13:56.637,1.80592,1.80616,1.00,1.72
2014.07.28 16:13:59.472,1.80592,1.80616,1.00,1.72
2014.07.28 16:14:00.588,1.80592,1.80615,1.00,1.47
2014.07.28 16:14:01.580,1.80592,1.80615,1.00,1.47
2014.07.28 16:14:06.649,1.80596,1.80615,1.00,1.47
2014.07.28 16:14:07.149,1.80596,1.80614,1.00,1.84
2014.07.28 16:14:07.301,1.80591,1.80609,1.00,1.34
2014.07.28 16:14:07.402,1.80587,1.8061,1.00,2.22
2014.07.28 16:14:07.453,1.80587,1.80608,1.00,1.74
2014.07.28 16:14:07.604,1.80581,1.80605,1.19,1.13
2014.07.28 16:14:07.705,1.80581,1.80604,1.00,1.19
2014.07.28 16:14:08.234,1.80582,1.80604,1.00,1.19
2014.07.28 16:14:08.385,1.80577,1.80603,1.74,1.25
2014.07.28 16:14:09.751,1.80577,1.80603,1.09,1.19
2014.07.28 16:14:12.147,1.80577,1.80603,1.47,2.82
2014.07.28 16:14:12.319,1.80582,1.80603,1.00,2.07
2014.07.28 16:14:13.127,1.80582,1.80606,1.00,2.07
2014.07.28 16:14:13.390,1.80587,1.80606,1.00,1.69
2014.07.28 16:14:13.642,1.80582,1.80605,1.00,1.19
2014.07.28 16:14:14.330,1.80586,1.80608,1.00,1.77
2014.07.28 16:14:14.833,1.80586,1.80608,1.00,1.77
2014.07.28 16:14:14.884,1.80581,1.80608,1.13,1.77
2014.07.28 16:14:15.310,1.80581,1.80608,1.88,1.39
2014.07.28 16:14:15.361,1.80581,1.80608,2.07,1.39
2014.07.28 16:14:18.679,1.80586,1.80612,1.00,1.32
2014.07.28 16:14:19.358,1.80587,1.80612,1.00,1.32
2014.07.28 16:14:20.052,1.80587,1.80613,1.00,1.67
2014.07.28 16:14:20.754,1.80586,1.80609,1.00,1.25
2014.07.28 16:14:22.308,1.80586,1.80609,1.00,1.63
2014.07.28 16:14:22.409,1.80584,1.80609,1.10,1.57
2014.07.28 16:14:22.864,1.80584,1.80602,1.10,1.00
2014.07.28 16:14:22.965,1.80579,1.80604,1.64,1.50
2014.07.28 16:14:23.480,1.80579,1.80604,1.19,1.50
2014.07.28 16:14:23.991,1.80579,1.80604,1.19,1.00
2014.07.28 16:14:24.669,1.80581,1.80609,1.25,2.14
2014.07.28 16:14:24.871,1.80581,1.80603,1.19,1.00
2014.07.28 16:14:25.491,1.80578,1.80603,1.19,1.25
2014.07.28 16:14:26.415,1.80581,1.80607,1.00,1.57
2014.07.28 16:14:27.679,1.80578,1.80603,1.19,1.19
2014.07.28 16:14:28.100,1.80578,1.80603,1.32,1.00
2014.07.28 16:14:28.201,1.80582,1.80608,1.00,1.57
2014.07.28 16:14:28.723,1.80583,1.80608,1.00,1.57
2014.07.28 16:14:31.225,1.80583,1.80608,1.00,1.57
2014.07.28 16:14:33.296,1.80582,1.80608,1.69,1.57
2014.07.28 16:14:34.207,1.80582,1.80608,1.19,1.63
2014.07.28 16:14:34.722,1.80583,1.80609,1.25,1.67
2014.07.28 16:14:35.488,1.80583,1.80609,1.19,1.67
2014.07.28 16:14:38.799,1.80583,1.80609,1.25,1.67
2014.07.28 16:14:42.109,1.80583,1.80608,1.25,1.57
2014.07.28 16:14:45.317,1.80583,1.80608,1.19,1.38
2014.07.28 16:14:45.368,1.80586,1.80609,1.00,1.00
2014.07.28 16:14:45.419,1.80591,1.80612,1.00,1.57
2014.07.28 16:14:45.722,1.80585,1.80598,1.00,1.00
2014.07.28 16:14:45.873,1.80585,1.80607,1.00,2.44
2014.07.28 16:14:45.924,1.80585,1.80608,1.00,1.57
2014.07.28 16:14:46.025,1.80581,1.80609,1.25,2.89
2014.07.28 16:14:46.327,1.80579,1.80599,1.10,1.00
2014.07.28 16:14:48.860,1.8058,1.80607,1.19,1.57
2014.07.28 16:14:50.191,1.8058,1.80599,1.19,1.00
2014.07.28 16:14:50.970,1.80578,1.80599,1.37,1.00
2014.07.28 16:14:51.829,1.80578,1.80606,1.74,1.19
2014.07.28 16:14:52.674,1.80579,1.80608,1.29,2.07
2014.07.28 16:14:53.853,1.80579,1.80608,1.77,2.07
2014.07.28 16:14:54.401,1.80579,1.80604,1.77,1.00
2014.07.28 16:14:55.003,1.80582,1.80604,1.19,1.00
2014.07.28 16:14:55.661,1.80582,1.80608,1.19,2.07
2014.07.28 16:14:56.164,1.80582,1.80608,1.25,2.07
2014.07.28 16:14:57.396,1.80582,1.80608,1.19,2.07
2014.07.28 16:14:58.406,1.80582,1.80608,1.00,2.07
2014.07.28 16:14:59.521,1.80582,1.80608,1.25,2.07
2014.07.28 16:15:00.619,1.80581,1.80608,1.19,2.07
2014.07.28 16:15:01.885,1.80581,1.80608,1.19,2.07
2014.07.28 16:15:02.602,1.80581,1.80603,1.19,1.00
2014.07.28 16:15:02.703,1.80579,1.80603,1.02,1.32
2014.07.28 16:15:03.724,1.80577,1.80603,1.34,1.32
2014.07.28 16:15:05.297,1.80579,1.80608,1.29,2.07
2014.07.28 16:15:06.501,1.80579,1.80608,1.29,2.82
2014.07.28 16:15:07.340,1.80579,1.80599,1.19,1.00
2014.07.28 16:15:07.391,1.80579,1.80599,1.00,1.00
2014.07.28 16:15:07.994,1.80574,1.80599,1.34,1.00
2014.07.28 16:15:08.533,1.80577,1.80603,1.08,1.32
2014.07.28 16:15:08.828,1.80577,1.80603,1.27,1.25
2014.07.28 16:15:08.878,1.80576,1.80599,1.37,1.00
2014.07.28 16:15:09.131,1.80576,1.80604,1.84,1.19
2014.07.28 16:15:09.231,1.80577,1.80598,1.27,1.00
2014.07.28 16:15:10.025,1.80577,1.80598,1.27,1.00
2014.07.28 16:15:11.044,1.80577,1.80598,1.27,1.00
2014.07.28 16:15:12.923,1.80577,1.80598,1.27,1.00
2014.07.28 16:15:13.253,1.80577,1.80593,1.27,1.00
2014.07.28 16:15:13.811,1.80577,1.80598,1.27,1.00
2014.07.28 16:15:14.596,1.80575,1.80598,1.47,1.00
2014.07.28 16:15:15.256,1.80575,1.80598,1.47,1.00
2014.07.28 16:15:18.323,1.80575,1.80594,1.34,1.00
2014.07.28 16:15:19.041,1.80575,1.80594,1.34,1.00
2014.07.28 16:15:20.146,1.80575,1.80594,1.34,1.00
2014.07.28 16:15:20.664,1.80575,1.80593,1.34,1.00
2014.07.28 16:15:22.722,1.80575,1.80599,1.34,1.00
2014.07.28 16:15:26.583,1.80575,1.80599,1.27,1.00
2014.07.28 16:15:31.282,1.80575,1.80599,1.19,1.00
2014.07.28 16:15:32.399,1.80575,1.80599,2.07,1.00
2014.07.28 16:15:32.450,1.80576,1.80604,1.19,1.77
2014.07.28 16:15:33.720,1.80576,1.80604,1.19,1.77
2014.07.28 16:15:34.686,1.80576,1.80604,1.19,1.77
2014.07.28 16:15:37.123,1.80576,1.80604,1.19,1.77
2014.07.28 16:15:38.196,1.80576,1.80604,1.19,1.47
2014.07.28 16:15:39.503,1.80576,1.80604,1.19,2.59
2014.07.28 16:15:39.604,1.80573,1.80594,1.20,1.38
2014.07.28 16:15:39.756,1.80573,1.80594,1.00,1.00
2014.07.28 16:15:39.806,1.80573,1.80594,1.00,1.19
2014.07.28 16:15:39.857,1.80567,1.80594,1.19,1.57
2014.07.28 16:15:40.160,1.80564,1.80588,1.69,1.00
2014.07.28 16:15:40.915,1.80564,1.80588,1.19,1.00
2014.07.28 16:15:42.879,1.80567,1.80593,1.25,1.77
2014.07.28 16:15:43.646,1.80567,1.80593,1.00,1.77
2014.07.28 16:15:44.819,1.80567,1.80593,1.19,1.77
2014.07.28 16:15:44.870,1.80564,1.80589,1.19,1.00
2014.07.28 16:15:45.060,1.80566,1.80593,1.19,1.02
2014.07.28 16:15:45.823,1.80566,1.80593,1.19,1.02
2014.07.28 16:15:46.380,1.80564,1.80588,1.19,1.00
2014.07.28 16:15:46.600,1.80566,1.80594,1.19,2.52
2014.07.28 16:15:47.277,1.80566,1.80594,1.19,2.52
2014.07.28 16:15:49.640,1.80566,1.80593,1.19,1.02
2014.07.28 16:15:50.679,1.80566,1.80593,1.25,1.02
2014.07.28 16:15:52.773,1.80566,1.80593,1.00,1.02
2014.07.28 16:15:53.287,1.80564,1.80589,1.19,1.13
2014.07.28 16:15:53.337,1.80567,1.80594,1.00,2.14
2014.07.28 16:15:53.640,1.80566,1.80592,1.34,1.00
2014.07.28 16:15:54.003,1.80567,1.80588,1.09,1.00
2014.07.28 16:15:55.410,1.80566,1.80594,1.84,3.19
2014.07.28 16:15:55.511,1.80571,1.80594,1.00,1.57
2014.07.28 16:15:56.158,1.80571,1.80596,1.00,2.07
2014.07.28 16:15:57.261,1.80571,1.80596,1.00,1.57
2014.07.28 16:15:58.247,1.80572,1.80596,1.00,1.57
2014.07.28 16:15:59.107,1.80571,1.80596,1.00,1.57
2014.07.28 16:15:59.828,1.80572,1.80596,1.00,1.57
2014.07.28 16:16:00.376,1.80571,1.80596,1.00,1.57
2014.07.28 16:16:00.477,1.80572,1.8059,1.00,1.19
2014.07.28 16:16:00.780,1.80565,1.80584,1.00,2.07
2014.07.28 16:16:00.881,1.80565,1.80582,1.00,1.19
2014.07.28 16:16:01.083,1.80552,1.80578,1.19,1.32
2014.07.28 16:16:03.286,1.80554,1.80579,1.00,1.67
2014.07.28 16:16:05.593,1.80554,1.80579,1.25,1.67
2014.07.28 16:16:07.899,1.80554,1.80579,1.00,1.67
2014.07.28 16:16:08.919,1.80554,1.80579,1.00,1.67
2014.07.28 16:16:12.271,1.80554,1.80579,1.00,1.67
2014.07.28 16:16:14.131,1.80554,1.80579,1.00,1.67
2014.07.28 16:16:18.385,1.80554,1.80579,1.00,1.67
2014.07.28 16:16:20.951,1.80554,1.80579,1.00,1.67
2014.07.28 16:16:21.996,1.80554,1.80579,1.00,1.67
2014.07.28 16:16:28.171,1.80554,1.80579,1.00,1.67
2014.07.28 16:16:29.581,1.80554,1.80579,1.00,1.67
2014.07.28 16:16:30.200,1.80551,1.80579,1.19,1.67
2014.07.28 16:16:32.227,1.80551,1.80578,1.19,1.57
2014.07.28 16:16:34.100,1.80551,1.80578,1.19,1.57
2014.07.28 16:16:34.820,1.80551,1.80578,1.25,1.57
2014.07.28 16:16:35.529,1.80551,1.80578,1.69,2.07
2014.07.28 16:16:36.600,1.80551,1.80578,1.69,2.07
2014.07.28 16:16:38.207,1.80551,1.80576,1.50,1.32
2014.07.28 16:16:40.963,1.80551,1.80575,1.19,1.00
2014.07.28 16:16:41.215,1.80548,1.80574,1.29,1.67
2014.07.28 16:16:41.366,1.80548,1.80565,1.00,1.00
2014.07.28 16:16:41.468,1.80545,1.80569,1.19,1.20
2014.07.28 16:16:41.619,1.80545,1.80569,1.19,1.00
2014.07.28 16:16:41.821,1.80546,1.80574,1.69,1.57
2014.07.28 16:16:42.332,1.80547,1.80574,1.00,1.57
2014.07.28 16:16:43.627,1.80547,1.80574,1.25,1.57
2014.07.28 16:16:44.945,1.80547,1.80574,1.00,1.57
2014.07.28 16:16:45.556,1.80547,1.8057,1.00,1.00
2014.07.28 16:16:45.966,1.80547,1.80575,1.19,1.47
2014.07.28 16:16:46.474,1.80547,1.80573,1.19,1.00
2014.07.28 16:16:46.938,1.80547,1.80573,1.19,1.25
2014.07.28 16:16:47.446,1.80547,1.80573,1.19,1.63
2014.07.28 16:16:48.142,1.80547,1.80573,1.19,1.57
2014.07.28 16:16:52.064,1.80547,1.80573,1.19,1.57
2014.07.28 16:16:52.299,1.80545,1.80568,1.19,1.00
2014.07.28 16:16:52.400,1.80547,1.80573,1.19,1.57
2014.07.28 16:16:53.161,1.80547,1.80573,1.19,1.63
2014.07.28 16:16:54.165,1.80547,1.80573,1.19,1.38
2014.07.28 16:16:55.368,1.80547,1.80573,1.19,1.63
2014.07.28 16:16:56.374,1.80547,1.80573,1.19,1.57
2014.07.28 16:16:57.453,1.80547,1.80573,1.19,1.63
2014.07.28 16:16:58.701,1.80546,1.80574,1.19,2.07
2014.07.28 16:16:59.696,1.80546,1.80572,1.19,1.57
2014.07.28 16:17:00.662,1.80544,1.80568,1.67,1.00
2014.07.28 16:17:01.844,1.80546,1.80574,1.57,1.77
2014.07.28 16:17:02.999,1.80546,1.80574,1.57,1.77
2014.07.28 16:17:03.740,1.80546,1.80574,1.57,1.77
2014.07.28 16:17:06.072,1.80546,1.80574,1.57,1.77
2014.07.28 16:17:07.014,1.80547,1.80578,1.19,1.47
2014.07.28 16:17:08.019,1.80547,1.80574,1.19,1.02
2014.07.28 16:17:12.334,1.80546,1.80574,1.57,1.29
2014.07.28 16:17:14.526,1.80551,1.80577,1.00,2.22
2014.07.28 16:17:14.577,1.80551,1.80577,1.00,1.72
2014.07.28 16:17:20.552,1.80551,1.80577,1.25,1.37
2014.07.28 16:17:21.358,1.80551,1.80577,1.19,1.37
2014.07.28 16:17:22.412,1.80551,1.80577,1.25,1.37
2014.07.28 16:17:24.575,1.80551,1.80577,1.19,1.37
2014.07.28 16:17:27.085,1.80551,1.80577,1.25,1.37
2014.07.28 16:17:28.218,1.80551,1.80577,1.19,1.37
2014.07.28 16:17:31.332,1.80551,1.80577,1.00,1.37
2014.07.28 16:17:32.313,1.80551,1.80577,1.19,1.37
2014.07.28 16:17:34.310,1.80551,1.80577,1.25,1.37
2014.07.28 16:17:34.839,1.80556,1.80579,1.00,2.52
2014.07.28 16:17:40.614,1.80556,1.80579,1.00,1.24
2014.07.28 16:17:41.835,1.80556,1.80579,1.00,1.24
2014.07.28 16:17:43.038,1.80556,1.80579,1.00,1.24
2014.07.28 16:17:44.143,1.80556,1.80579,1.00,1.49
2014.07.28 16:17:45.186,1.80556,1.80579,1.00,1.49
2014.07.28 16:17:48.586,1.80556,1.80579,1.00,1.24
2014.07.28 16:17:54.101,1.80556,1.80579,1.00,1.24
2014.07.28 16:17:55.666,1.80552,1.80579,1.53,1.24
2014.07.28 16:17:55.848,1.80557,1.80579,1.00,1.49
2014.07.28 16:17:56.511,1.80557,1.80579,1.00,1.55
2014.07.28 16:18:01.478,1.80551,1.80579,2.03,1.49
2014.07.28 16:18:02.353,1.80551,1.80579,2.03,1.24
2014.07.28 16:18:03.340,1.80551,1.80579,2.03,1.24
2014.07.28 16:18:05.253,1.80551,1.80579,3.53,1.24
2014.07.28 16:18:06.744,1.80551,1.8058,3.53,2.37
2014.07.28 16:18:09.159,1.80557,1.8058,1.00,2.37
2014.07.28 16:18:13.463,1.80557,1.8058,1.00,2.37
2014.07.28 16:18:14.666,1.80557,1.8058,1.00,2.37
2014.07.28 16:18:15.705,1.80557,1.8058,1.00,2.37
2014.07.28 16:18:16.672,1.80557,1.8058,1.00,2.37
2014.07.28 16:18:18.947,1.80552,1.8058,1.53,2.37
2014.07.28 16:18:19.057,1.80556,1.8058,1.00,2.37
2014.07.28 16:18:21.887,1.80556,1.8058,1.00,1.99
2014.07.28 16:18:23.520,1.80556,1.8058,1.00,1.99
2014.07.28 16:18:24.798,1.80552,1.8058,1.35,2.37
2014.07.28 16:18:25.101,1.80551,1.80573,1.00,2.07
2014.07.28 16:18:25.404,1.80541,1.80561,1.00,1.00
2014.07.28 16:18:25.709,1.80537,1.80559,1.00,1.19
2014.07.28 16:18:26.361,1.80536,1.80557,1.00,1.32
2014.07.28 16:18:26.904,1.80536,1.80557,1.00,1.39
2014.07.28 16:18:27.436,1.80536,1.80556,1.00,1.63
2014.07.28 16:18:27.639,1.80532,1.80556,1.34,1.63
2014.07.28 16:18:28.143,1.80531,1.80558,1.34,2.22
2014.07.28 16:18:28.916,1.80532,1.80558,1.90,1.18
2014.07.28 16:18:29.018,1.80535,1.80563,4.32,2.44
2014.07.28 16:18:29.069,1.80541,1.80563,1.09,1.69
2014.07.28 16:18:29.250,1.80541,1.80569,2.03,1.57
2014.07.28 16:18:29.453,1.80546,1.80572,1.65,1.09
2014.07.28 16:18:29.705,1.80547,1.80573,1.20,2.44
2014.07.28 16:18:29.806,1.80546,1.80573,2.55,1.69
2014.07.28 16:18:30.126,1.80552,1.80577,1.00,1.47
2014.07.28 16:18:30.524,1.80552,1.80578,1.00,2.22
2014.07.28 16:18:31.829,1.80552,1.80578,1.00,2.22
2014.07.28 16:18:32.183,1.80557,1.80577,1.00,1.47
2014.07.28 16:18:32.592,1.80551,1.80575,1.63,1.00
2014.07.28 16:18:33.097,1.80551,1.80575,1.00,1.57
2014.07.28 16:18:34.141,1.80551,1.80575,1.00,1.57
2014.07.28 16:18:34.834,1.80552,1.80575,1.00,1.57
2014.07.28 16:18:37.251,1.80552,1.80575,1.00,1.19
2014.07.28 16:18:40.570,1.80552,1.80575,1.00,1.19
2014.07.28 16:18:40.765,1.80552,1.80575,1.25,1.00
2014.07.28 16:18:40.916,1.80552,1.80578,1.63,1.69
2014.07.28 16:18:41.068,1.80557,1.80578,1.00,1.19
2014.07.28 16:18:41.422,1.80551,1.80579,2.48,1.19
2014.07.28 16:18:42.268,1.80556,1.8058,1.00,1.19
2014.07.28 16:18:42.950,1.80556,1.8058,1.00,1.19
2014.07.28 16:18:43.367,1.80552,1.80578,1.57,1.25
2014.07.28 16:18:43.990,1.80552,1.80578,1.57,1.19
2014.07.28 16:18:46.078,1.80552,1.80578,1.57,1.19
2014.07.28 16:18:47.083,1.80552,1.80578,1.57,1.25
2014.07.28 16:18:49.602,1.80552,1.80578,1.57,1.19
2014.07.28 16:18:50.294,1.80552,1.80578,1.57,1.19
2014.07.28 16:18:50.599,1.80557,1.80581,1.00,1.19
2014.07.28 16:18:50.952,1.80551,1.80578,2.52,1.00
2014.07.28 16:18:51.203,1.80551,1.80578,2.14,1.19
2014.07.28 16:18:52.033,1.80551,1.80579,2.04,1.69
2014.07.28 16:18:52.235,1.80557,1.80582,1.19,1.19
2014.07.28 16:18:52.336,1.80557,1.80582,1.00,1.19
2014.07.28 16:18:52.884,1.80554,1.80579,1.63,1.69
2014.07.28 16:18:53.623,1.80552,1.80579,1.57,1.50
2014.07.28 16:18:54.128,1.80557,1.80585,1.25,1.34
2014.07.28 16:18:54.662,1.80557,1.80585,1.63,1.34
2014.07.28 16:18:54.712,1.80557,1.80586,1.63,1.34
2014.07.28 16:18:55.712,1.80556,1.80584,2.07,1.37
2014.07.28 16:19:00.032,1.80557,1.80586,1.57,1.34
2014.07.28 16:19:01.068,1.80557,1.80583,1.67,1.25
2014.07.28 16:19:05.178,1.80558,1.80583,1.32,1.19
2014.07.28 16:19:05.791,1.80558,1.80583,1.57,1.19
2014.07.28 16:19:06.498,1.80557,1.80583,2.14,1.19
2014.07.28 16:19:08.450,1.80558,1.80583,1.32,1.25
2014.07.28 16:19:09.554,1.80558,1.80586,1.32,1.19
2014.07.28 16:19:12.262,1.80558,1.80586,1.32,1.19
2014.07.28 16:19:12.909,1.80558,1.80586,1.32,1.69
2014.07.28 16:19:21.621,1.80557,1.80583,2.07,1.25
2014.07.28 16:19:23.823,1.80557,1.80583,2.07,1.00
2014.07.28 16:19:28.144,1.80557,1.80583,1.57,1.19
2014.07.28 16:19:29.306,1.80559,1.80583,2.03,1.19
2014.07.28 16:19:29.609,1.80563,1.80586,1.00,1.19
2014.07.28 16:19:30.554,1.80563,1.80586,1.25,1.00
2014.07.28 16:19:31.190,1.80562,1.80585,1.28,1.00
2014.07.28 16:19:31.376,1.80561,1.80583,1.65,1.00
2014.07.28 16:19:31.747,1.80561,1.80585,1.65,1.00
2014.07.28 16:19:32.336,1.80561,1.80584,1.65,1.00
2014.07.28 16:19:32.857,1.80561,1.80584,1.90,1.00
2014.07.28 16:19:33.160,1.80562,1.80582,1.65,1.00
2014.07.28 16:19:33.262,1.80562,1.80586,1.65,1.00
2014.07.28 16:19:34.346,1.80561,1.80583,1.90,1.00
2014.07.28 16:19:36.656,1.80561,1.80585,1.90,1.00
2014.07.28 16:19:37.373,1.80561,1.80585,1.90,1.00
2014.07.28 16:19:38.602,1.80561,1.80585,1.53,1.00
2014.07.28 16:19:39.680,1.80561,1.80585,1.53,1.00
2014.07.28 16:19:40.624,1.80561,1.80586,2.03,1.00
2014.07.28 16:19:41.129,1.80562,1.80587,1.28,1.00
2014.07.28 16:19:41.487,1.80562,1.80585,1.28,1.00
2014.07.28 16:19:43.166,1.80562,1.80584,1.28,1.00
2014.07.28 16:19:43.696,1.80562,1.80583,1.28,1.00
2014.07.28 16:19:44.217,1.80562,1.80583,2.03,1.00
2014.07.28 16:19:46.038,1.80562,1.80585,2.03,1.00
2014.07.28 16:19:46.851,1.80562,1.80585,2.03,1.00
2014.07.28 16:19:49.407,1.80562,1.80585,2.03,1.00
2014.07.28 16:19:49.856,1.80562,1.80582,2.03,1.00
2014.07.28 16:19:50.408,1.80562,1.80586,2.03,1.00
2014.07.28 16:19:50.846,1.80562,1.80583,2.03,1.00
2014.07.28 16:19:51.116,1.80562,1.80585,2.03,1.00
2014.07.28 16:20:01.095,1.80563,1.80585,2.03,1.00
2014.07.28 16:20:01.206,1.80563,1.80587,2.03,1.00
2014.07.28 16:20:01.711,1.80566,1.80588,1.09,1.50
2014.07.28 16:20:02.384,1.80567,1.80588,1.00,1.00
2014.07.28 16:20:03.146,1.80566,1.80588,2.03,1.00
2014.07.28 16:20:03.662,1.80566,1.80589,1.28,1.25
2014.07.28 16:20:03.864,1.80566,1.80589,3.90,1.00
2014.07.28 16:20:04.374,1.80567,1.8059,3.53,1.00
2014.07.28 16:20:04.885,1.80571,1.8059,1.00,1.00
2014.07.28 16:20:05.139,1.80564,1.8059,1.69,1.57
2014.07.28 16:20:06.207,1.80561,1.80589,1.59,1.57
2014.07.28 16:20:07.200,1.80561,1.8059,2.40,1.57
2014.07.28 16:20:10.065,1.80567,1.8059,1.00,2.07
2014.07.28 16:20:10.395,1.80561,1.8059,2.48,1.57
2014.07.28 16:20:10.953,1.80561,1.8059,2.48,2.07
2014.07.28 16:20:11.799,1.80562,1.80589,1.65,1.32
2014.07.28 16:20:12.315,1.80562,1.80589,1.28,1.57
2014.07.28 16:20:12.903,1.80561,1.80589,2.00,1.32
2014.07.28 16:20:13.115,1.80567,1.8059,1.05,1.00
2014.07.28 16:20:13.418,1.80572,1.80598,1.25,2.07
2014.07.28 16:20:13.727,1.80572,1.80596,1.65,1.00
2014.07.28 16:20:14.030,1.80572,1.80589,1.15,1.00
2014.07.28 16:20:14.132,1.80571,1.80589,1.00,1.00
2014.07.28 16:20:14.233,1.80571,1.80588,1.15,1.00
2014.07.28 16:20:14.386,1.80567,1.80591,1.49,1.00
2014.07.28 16:20:14.941,1.80564,1.80592,1.84,1.63
2014.07.28 16:20:14.992,1.80564,1.80588,1.84,1.00
2014.07.28 16:20:15.100,1.80564,1.80588,1.34,1.00
2014.07.28 16:20:15.202,1.80566,1.8059,1.19,1.32
2014.07.28 16:20:15.614,1.80562,1.80588,3.72,1.00
2014.07.28 16:20:15.718,1.80562,1.80588,2.97,1.25
2014.07.28 16:20:16.752,1.80562,1.80592,2.22,2.07
2014.07.28 16:20:19.311,1.80562,1.80592,2.22,1.57
2014.07.28 16:20:20.095,1.80562,1.80588,2.22,1.00
2014.07.28 16:20:22.248,1.80562,1.80591,2.22,1.57
2014.07.28 16:20:25.666,1.80562,1.8059,2.22,1.32
2014.07.28 16:20:26.655,1.80562,1.80592,2.22,1.57
2014.07.28 16:20:28.048,1.80562,1.80589,2.22,1.00
2014.07.28 16:20:28.544,1.80564,1.80584,1.40,1.00
2014.07.28 16:20:28.898,1.80563,1.80589,1.34,1.38
2014.07.28 16:20:30.667,1.80563,1.80589,1.34,1.57
2014.07.28 16:20:31.852,1.80563,1.80589,1.40,1.57
2014.07.28 16:20:34.460,1.80562,1.80589,1.77,1.63
2014.07.28 16:20:35.260,1.80562,1.80589,1.77,1.57
2014.07.28 16:20:36.288,1.80562,1.80589,1.77,1.57
2014.07.28 16:20:38.471,1.80562,1.80589,1.77,1.57
2014.07.28 16:20:39.991,1.80563,1.80583,1.19,1.00
2014.07.28 16:20:40.315,1.80563,1.80589,1.19,1.57
2014.07.28 16:20:41.783,1.80562,1.80589,1.77,1.57
2014.07.28 16:20:44.394,1.80563,1.80589,1.69,2.07
2014.07.28 16:20:45.425,1.80562,1.80588,2.52,1.32
2014.07.28 16:20:45.821,1.80567,1.8059,1.00,1.57
2014.07.28 16:20:46.366,1.80563,1.80588,1.19,1.32
2014.07.28 16:20:46.618,1.80566,1.80588,1.00,1.32
2014.07.28 16:20:47.355,1.80567,1.80588,1.00,1.32
2014.07.28 16:20:48.069,1.80567,1.80588,1.00,1.13
2014.07.28 16:20:48.925,1.80567,1.80588,1.00,1.32
2014.07.28 16:20:50.555,1.80567,1.80588,1.00,1.13
2014.07.28 16:20:58.140,1.80567,1.80588,1.63,1.00
2014.07.28 16:20:58.191,1.80567,1.80593,1.64,1.19
2014.07.28 16:20:58.393,1.80572,1.80595,1.13,1.19
2014.07.28 16:20:58.494,1.80572,1.80595,1.32,1.05
2014.07.28 16:20:58.595,1.80576,1.80596,1.00,1.30
2014.07.28 16:20:58.898,1.80576,1.80601,1.19,1.50
2014.07.28 16:20:58.948,1.80576,1.80603,1.19,1.40
2014.07.28 16:20:59.100,1.80576,1.80603,1.29,1.25
2014.07.28 16:20:59.150,1.80577,1.80603,1.00,2.44
2014.07.28 16:20:59.494,1.80577,1.80596,1.00,1.00
2014.07.28 16:21:00.352,1.80576,1.80596,1.10,1.00
2014.07.28 16:21:00.403,1.80576,1.80599,1.10,1.00
2014.07.28 16:21:00.908,1.80577,1.80599,1.13,1.00
2014.07.28 16:21:01.161,1.80576,1.80596,1.09,1.00
2014.07.28 16:21:01.413,1.80572,1.80596,1.69,1.00
2014.07.28 16:21:01.917,1.80572,1.80597,1.69,1.00
2014.07.28 16:21:02.455,1.80572,1.80597,1.69,1.25
2014.07.28 16:21:02.905,1.80576,1.806,1.00,1.29
2014.07.28 16:21:03.259,1.80572,1.80597,1.34,1.63
2014.07.28 16:21:03.360,1.80569,1.80593,1.33,1.13
2014.07.28 16:21:03.411,1.80569,1.80593,1.08,2.07
2014.07.28 16:21:03.512,1.80567,1.80593,1.50,2.14
2014.07.28 16:21:03.840,1.80567,1.80591,1.00,1.57
2014.07.28 16:21:04.549,1.80568,1.80593,1.00,1.39
2014.07.28 16:21:04.650,1.80572,1.80594,1.00,2.14
2014.07.28 16:21:05.169,1.80572,1.80591,1.00,1.00
2014.07.28 16:21:06.082,1.8057,1.80591,1.02,1.00
2014.07.28 16:21:06.439,1.8057,1.80589,1.02,1.00
2014.07.28 16:21:06.541,1.8057,1.80591,1.02,1.00
2014.07.28 16:21:10.463,1.8057,1.80591,1.29,1.00
2014.07.28 16:21:11.574,1.8057,1.80591,1.02,1.00
2014.07.28 16:21:15.896,1.80569,1.80588,1.37,1.00
2014.07.28 16:21:17.045,1.80566,1.80588,1.90,1.00
2014.07.28 16:21:17.154,1.80566,1.80588,1.00,1.63
2014.07.28 16:21:17.256,1.80563,1.80591,1.09,1.73
2014.07.28 16:21:17.357,1.80563,1.80587,1.25,1.38
2014.07.28 16:21:18.171,1.80558,1.80587,1.05,2.07
2014.07.28 16:21:18.475,1.80555,1.80583,1.49,1.57
2014.07.28 16:21:18.576,1.80555,1.80581,1.00,1.57
2014.07.28 16:21:18.626,1.80557,1.8058,1.00,1.57
2014.07.28 16:21:18.951,1.80556,1.80577,1.00,1.32
2014.07.28 16:21:19.052,1.80552,1.80577,1.15,1.32
2014.07.28 16:21:19.367,1.80557,1.80577,1.00,1.32
2014.07.28 16:21:19.871,1.80556,1.80579,1.00,2.07
2014.07.28 16:21:20.431,1.80556,1.80579,1.00,2.07
2014.07.28 16:21:23.324,1.80551,1.80579,1.72,1.69
2014.07.28 16:21:23.875,1.80551,1.80579,1.15,2.07
2014.07.28 16:21:24.673,1.80551,1.80578,1.34,1.32
2014.07.28 16:21:27.643,1.80556,1.80578,1.00,1.32
2014.07.28 16:21:28.174,1.80557,1.80578,1.00,1.32
2014.07.28 16:21:28.604,1.80552,1.80578,1.34,1.32
2014.07.28 16:21:28.824,1.80556,1.80578,1.00,1.32
2014.07.28 16:21:29.178,1.80551,1.80578,1.15,1.32
2014.07.28 16:21:31.419,1.80552,1.80578,1.15,1.32
2014.07.28 16:21:34.605,1.80552,1.80578,1.15,1.32
2014.07.28 16:21:37.750,1.80548,1.80578,1.72,2.07
2014.07.28 16:21:38.729,1.80548,1.80578,1.72,2.07
2014.07.28 16:21:38.957,1.80548,1.80578,1.72,2.07
2014.07.28 16:21:40.540,1.80548,1.80578,1.72,2.07
2014.07.28 16:21:41.521,1.80548,1.80578,1.72,2.07
2014.07.28 16:21:42.524,1.80548,1.80578,1.72,2.07
2014.07.28 16:21:43.347,1.80547,1.80573,1.72,1.19
2014.07.28 16:21:43.398,1.80547,1.80573,1.19,1.57
2014.07.28 16:21:43.449,1.80547,1.80573,1.00,2.82
2014.07.28 16:21:43.550,1.80545,1.8057,1.00,1.57
2014.07.28 16:21:43.601,1.80547,1.8057,1.00,1.57
2014.07.28 16:21:43.903,1.80547,1.80566,1.00,1.00
2014.07.28 16:21:44.573,1.80547,1.80566,1.00,1.19
2014.07.28 16:21:44.928,1.80542,1.80566,1.40,1.19
2014.07.28 16:21:45.636,1.80542,1.80566,1.15,1.19
2014.07.28 16:21:47.455,1.80542,1.80566,1.15,1.25
2014.07.28 16:21:53.657,1.80541,1.80566,1.72,1.19
2014.07.28 16:21:54.663,1.80541,1.80567,1.72,1.00
2014.07.28 16:21:54.966,1.80545,1.80573,1.13,2.07
2014.07.28 16:21:55.168,1.80546,1.80573,1.57,1.32
2014.07.28 16:21:56.184,1.80546,1.80576,2.07,2.22
2014.07.28 16:21:57.570,1.80546,1.80576,2.07,1.77
2014.07.28 16:21:59.677,1.80546,1.80576,2.07,1.77
2014.07.28 16:22:00.909,1.80547,1.80577,1.32,2.22
2014.07.28 16:22:04.617,1.80547,1.80576,2.14,1.57
2014.07.28 16:22:06.601,1.80547,1.80575,1.39,1.57
2014.07.28 16:22:08.016,1.80551,1.80578,1.19,2.33
2014.07.28 16:22:08.067,1.80554,1.80578,1.53,1.10
2014.07.28 16:22:08.118,1.80556,1.80578,1.53,1.10
2014.07.28 16:22:08.370,1.80561,1.80584,1.19,1.05
2014.07.28 16:22:09.537,1.80561,1.80584,1.19,1.30
2014.07.28 16:22:09.638,1.80562,1.80579,1.00,1.00
2014.07.28 16:22:10.453,1.80559,1.80577,1.00,1.00
2014.07.28 16:22:10.655,1.80556,1.80577,1.00,1.00
2014.07.28 16:22:11.157,1.80556,1.80578,1.00,1.25
2014.07.28 16:22:11.672,1.80551,1.80578,2.22,1.32
2014.07.28 16:22:11.925,1.80551,1.80578,1.15,1.57
2014.07.28 16:22:12.026,1.80551,1.80575,1.00,1.19
2014.07.28 16:22:12.527,1.80548,1.80575,1.35,1.32
2014.07.28 16:22:16.031,1.80547,1.80577,1.05,2.07
2014.07.28 16:22:16.938,1.80547,1.80577,1.80,2.07
2014.07.28 16:22:18.041,1.80547,1.80577,1.80,2.07
2014.07.28 16:22:21.749,1.80547,1.80577,1.80,2.07
2014.07.28 16:22:22.752,1.80547,1.80577,2.55,2.07
2014.07.28 16:22:23.054,1.80547,1.80577,1.80,2.07
2014.07.28 16:22:24.191,1.80547,1.80577,1.80,2.07
2014.07.28 16:22:29.675,1.80547,1.80576,1.80,1.57
2014.07.28 16:22:30.722,1.80547,1.80576,2.08,1.32
2014.07.28 16:22:32.324,1.80547,1.80576,2.10,1.32
2014.07.28 16:22:32.944,1.80547,1.80576,2.55,1.32
2014.07.28 16:22:33.304,1.80548,1.80574,1.20,1.19
2014.07.28 16:22:35.728,1.80547,1.80575,1.05,1.19
2014.07.28 16:22:38.126,1.80546,1.80575,3.30,1.19
2014.07.28 16:22:38.227,1.80546,1.80574,3.23,1.32
2014.07.28 16:22:38.379,1.80546,1.80573,1.90,1.19
2014.07.28 16:22:39.252,1.80547,1.80576,2.40,2.22
2014.07.28 16:22:41.416,1.80546,1.80573,1.57,1.69
2014.07.28 16:22:42.621,1.80546,1.80573,1.63,1.19
2014.07.28 16:22:46.892,1.80546,1.80574,1.57,1.39
2014.07.28 16:22:48.059,1.80543,1.80572,1.35,1.19
2014.07.28 16:22:48.110,1.80544,1.80572,1.24,2.07
2014.07.28 16:22:49.200,1.80542,1.80569,2.03,1.47
2014.07.28 16:22:50.267,1.80542,1.80567,2.03,1.19
2014.07.28 16:22:51.294,1.80542,1.80567,1.84,1.19
2014.07.28 16:22:52.274,1.80542,1.80567,2.03,1.19
2014.07.28 16:22:54.481,1.80542,1.80568,1.53,1.29
2014.07.28 16:22:56.085,1.80542,1.80568,1.59,1.29
2014.07.28 16:22:57.302,1.80542,1.80568,1.59,1.29
2014.07.28 16:22:58.315,1.80542,1.80568,1.59,1.29
2014.07.28 16:23:00.612,1.80542,1.80568,1.59,1.29
2014.07.28 16:23:01.609,1.80542,1.80568,1.53,1.02
2014.07.28 16:23:02.152,1.80541,1.80568,1.32,1.77
2014.07.28 16:23:02.304,1.80541,1.80565,1.32,1.00
2014.07.28 16:23:03.126,1.80538,1.80565,2.08,1.25
2014.07.28 16:23:03.913,1.80541,1.8057,1.65,1.72
2014.07.28 16:23:04.166,1.80545,1.80573,1.67,1.32
2014.07.28 16:23:05.130,1.80545,1.80573,1.67,1.32
2014.07.28 16:23:06.222,1.80545,1.80573,1.67,1.32
2014.07.28 16:23:07.815,1.80546,1.80571,1.57,1.00
2014.07.28 16:23:07.866,1.80542,1.80567,1.15,1.57
2014.07.28 16:23:07.917,1.8054,1.80563,1.00,1.28
2014.07.28 16:23:07.967,1.8054,1.80563,1.00,1.77
2014.07.28 16:23:08.119,1.80537,1.80561,1.00,1.19
2014.07.28 16:23:08.170,1.80536,1.80561,1.57,1.00
2014.07.28 16:23:08.351,1.80536,1.80568,2.55,2.07
2014.07.28 16:23:08.553,1.80536,1.80566,3.30,1.63
2014.07.28 16:23:09.058,1.80541,1.80566,1.63,1.25
2014.07.28 16:23:10.238,1.80541,1.80568,1.57,1.19
2014.07.28 16:23:16.155,1.80541,1.80568,1.57,1.19
2014.07.28 16:23:16.489,1.80547,1.80571,1.32,1.25
2014.07.28 16:23:17.196,1.80546,1.80576,2.14,2.14
2014.07.28 16:23:18.763,1.80546,1.80573,1.72,1.32
2014.07.28 16:23:20.067,1.80546,1.80573,1.72,1.32
2014.07.28 16:23:21.376,1.80545,1.80573,2.22,1.32
2014.07.28 16:23:25.483,1.80546,1.80572,1.72,1.00
2014.07.28 16:23:25.585,1.80546,1.80572,1.15,2.82
2014.07.28 16:23:25.635,1.80546,1.80572,1.00,2.82
2014.07.28 16:23:25.686,1.80542,1.80571,2.40,2.07
2014.07.28 16:23:25.787,1.80542,1.80571,1.50,2.22
2014.07.28 16:23:26.728,1.80542,1.80569,1.00,2.22
2014.07.28 16:23:27.737,1.80542,1.80569,1.00,1.77
2014.07.28 16:23:28.286,1.80541,1.80569,1.32,1.77
2014.07.28 16:23:28.829,1.80541,1.80569,1.32,1.77
2014.07.28 16:23:32.404,1.80538,1.80569,1.77,2.22
2014.07.28 16:23:33.140,1.80542,1.80569,1.00,1.77
2014.07.28 16:23:33.381,1.80546,1.80569,1.00,1.77
2014.07.28 16:23:33.634,1.80542,1.80569,1.13,1.39
2014.07.28 16:23:35.933,1.80542,1.80571,1.47,1.57
2014.07.28 16:23:36.446,1.80542,1.80571,1.47,1.57
2014.07.28 16:23:37.758,1.80542,1.80571,1.47,1.57
2014.07.28 16:23:42.031,1.80542,1.80571,1.47,1.57
2014.07.28 16:23:42.972,1.80542,1.80571,1.74,1.19
2014.07.28 16:23:43.074,1.80545,1.80573,1.57,1.69
2014.07.28 16:23:43.225,1.80544,1.80573,1.84,1.69
2014.07.28 16:23:47.259,1.80548,1.80578,1.74,1.57
2014.07.28 16:23:48.272,1.80548,1.80573,1.74,1.00
2014.07.28 16:23:48.659,1.80548,1.80573,1.55,1.19
2014.07.28 16:23:50.781,1.80546,1.80576,2.22,1.57
2014.07.28 16:23:53.714,1.80547,1.80578,1.47,1.69
2014.07.28 16:23:54.648,1.80552,1.80579,1.00,2.07
2014.07.28 16:23:54.775,1.80552,1.80579,1.00,1.57
2014.07.28 16:23:55.878,1.80552,1.80579,1.00,1.57
2014.07.28 16:23:57.082,1.80552,1.80579,1.00,1.57
2014.07.28 16:24:03.345,1.80548,1.80578,1.74,1.32
2014.07.28 16:24:04.070,1.80552,1.80579,1.00,2.14
2014.07.28 16:24:05.844,1.80548,1.80578,1.64,1.32
2014.07.28 16:24:06.349,1.80548,1.80577,1.27,1.57
2014.07.28 16:24:07.060,1.80548,1.80577,1.27,2.07
2014.07.28 16:24:07.953,1.8055,1.80577,1.00,1.57
2014.07.28 16:24:08.490,1.8055,1.80578,1.25,2.07
2014.07.28 16:24:09.363,1.8055,1.80578,1.00,1.57
2014.07.28 16:24:09.922,1.80552,1.80579,1.00,2.14
2014.07.28 16:24:10.944,1.80552,1.80579,1.00,1.67
2014.07.28 16:24:13.140,1.80552,1.80579,1.00,2.14
2014.07.28 16:24:14.134,1.80552,1.80579,1.00,1.67
2014.07.28 16:24:14.633,1.8055,1.80578,1.32,1.32
2014.07.28 16:24:15.084,1.80552,1.80579,1.00,1.67
2014.07.28 16:24:18.345,1.80552,1.80579,1.00,2.14
2014.07.28 16:24:19.493,1.80552,1.80579,1.25,1.67
2014.07.28 16:24:20.548,1.80552,1.80579,1.00,2.14
2014.07.28 16:24:22.670,1.80552,1.80579,1.25,1.67
2014.07.28 16:24:24.306,1.80551,1.80579,1.32,1.57
2014.07.28 16:24:24.860,1.80552,1.80579,1.00,1.57
2014.07.28 16:24:25.634,1.80551,1.80579,1.32,1.57
2014.07.28 16:24:26.912,1.80551,1.80579,1.32,1.57
2014.07.28 16:24:28.007,1.80552,1.80579,1.33,1.57
2014.07.28 16:24:28.576,1.80552,1.80579,1.40,1.57
2014.07.28 16:24:30.297,1.80552,1.80579,1.15,1.57
2014.07.28 16:24:33.821,1.80552,1.80579,1.40,1.57
2014.07.28 16:24:35.124,1.80552,1.80579,1.15,1.57
2014.07.28 16:24:36.440,1.80557,1.80581,1.00,2.07
2014.07.28 16:24:37.442,1.80557,1.80583,1.00,2.07
2014.07.28 16:24:38.410,1.80552,1.80581,2.22,1.57
2014.07.28 16:24:39.735,1.80552,1.80581,1.47,1.57
2014.07.28 16:24:40.776,1.80552,1.8058,1.40,1.57
2014.07.28 16:24:43.553,1.80552,1.80581,1.34,2.07
2014.07.28 16:24:44.949,1.80552,1.80581,1.40,1.57
2014.07.28 16:24:47.155,1.80552,1.80581,1.15,2.07
2014.07.28 16:24:48.123,1.80552,1.80581,1.15,2.07
2014.07.28 16:24:50.867,1.80552,1.80581,1.34,1.57
2014.07.28 16:24:51.968,1.80552,1.80581,1.34,2.07
2014.07.28 16:24:54.611,1.80552,1.80581,1.34,1.57
2014.07.28 16:24:55.599,1.80556,1.80581,1.00,1.57
2014.07.28 16:24:59.628,1.80556,1.8058,1.00,1.57
2014.07.28 16:25:00.726,1.80556,1.80581,1.00,1.57
2014.07.28 16:25:01.244,1.80553,1.80582,1.15,2.44
2014.07.28 16:25:01.603,1.80557,1.80582,1.00,2.44
2014.07.28 16:25:04.133,1.80557,1.8058,1.00,1.57
2014.07.28 16:25:04.185,1.80553,1.80577,1.15,1.19
2014.07.28 16:25:04.692,1.80556,1.80579,1.00,1.67
2014.07.28 16:25:05.207,1.80556,1.80579,1.00,1.67
2014.07.28 16:25:06.510,1.80556,1.80579,1.00,1.67
2014.07.28 16:25:06.561,1.80551,1.80579,1.19,1.67
2014.07.28 16:25:07.312,1.80551,1.80579,1.25,1.67
2014.07.28 16:25:07.587,1.80551,1.80579,1.25,1.67
2014.07.28 16:25:07.890,1.80546,1.80574,1.72,1.32
2014.07.28 16:25:08.617,1.80546,1.80574,1.78,1.32
2014.07.28 16:25:09.409,1.80549,1.80575,1.48,1.19
2014.07.28 16:25:09.914,1.80547,1.80577,2.03,2.07
2014.07.28 16:25:10.568,1.80547,1.80576,1.47,1.57
2014.07.28 16:25:11.343,1.80547,1.80576,1.72,1.32
2014.07.28 16:25:11.653,1.80548,1.80575,1.37,1.57
2014.07.28 16:25:12.655,1.80546,1.80574,1.78,1.57
2014.07.28 16:25:13.757,1.80546,1.80575,1.15,2.82
2014.07.28 16:25:13.960,1.80551,1.80577,1.00,1.32
2014.07.28 16:25:14.162,1.80547,1.80575,1.34,1.57
2014.07.28 16:25:15.777,1.80546,1.80574,1.39,2.89
2014.07.28 16:25:16.253,1.8055,1.80576,1.00,2.22
2014.07.28 16:25:17.180,1.8055,1.80578,1.25,2.22
2014.07.28 16:25:18.142,1.80549,1.80574,1.19,1.67
2014.07.28 16:25:18.395,1.80546,1.80574,1.32,1.67
2014.07.28 16:25:19.553,1.80545,1.80574,1.57,1.67
2014.07.28 16:25:20.087,1.80551,1.80575,1.00,2.22
2014.07.28 16:25:21.861,1.80551,1.80578,1.00,1.72
2014.07.28 16:25:23.364,1.80551,1.80578,1.18,1.19
2014.07.28 16:25:23.415,1.80557,1.80578,1.00,1.19
2014.07.28 16:25:23.515,1.80557,1.8058,1.00,1.57
2014.07.28 16:25:23.566,1.80557,1.80581,1.00,1.02
2014.07.28 16:25:23.617,1.80553,1.80576,1.00,1.32
2014.07.28 16:25:23.718,1.80553,1.80575,1.00,1.19
2014.07.28 16:25:23.819,1.80549,1.80577,1.25,3.34
2014.07.28 16:25:23.870,1.80552,1.80577,1.00,2.97
2014.07.28 16:25:24.873,1.80552,1.80578,1.00,1.72
2014.07.28 16:25:26.132,1.80552,1.80576,1.00,1.77
2014.07.28 16:25:26.183,1.80546,1.80574,1.19,1.57
2014.07.28 16:25:27.184,1.80546,1.80573,1.25,1.57
2014.07.28 16:25:27.783,1.80546,1.80573,1.19,1.57
2014.07.28 16:25:27.884,1.80552,1.80573,1.00,1.00
2014.07.28 16:25:27.985,1.80552,1.80576,1.00,1.67
2014.07.28 16:25:28.545,1.80551,1.80579,1.00,2.22
2014.07.28 16:25:30.792,1.80551,1.80579,1.25,2.22
2014.07.28 16:25:31.895,1.80552,1.80579,1.00,1.72
2014.07.28 16:25:33.196,1.80552,1.80579,1.00,2.22
2014.07.28 16:25:34.112,1.80552,1.80577,1.00,1.74
2014.07.28 16:25:34.219,1.80547,1.80575,1.19,1.57
2014.07.28 16:25:35.045,1.80547,1.80573,1.32,1.19
2014.07.28 16:25:35.197,1.80551,1.80575,1.00,1.32
2014.07.28 16:25:36.130,1.80551,1.80578,1.25,1.72
2014.07.28 16:25:43.971,1.80551,1.80578,1.25,1.72
2014.07.28 16:25:44.835,1.80557,1.80578,1.00,1.57
2014.07.28 16:25:44.936,1.80557,1.80578,1.00,1.25
2014.07.28 16:25:45.087,1.80553,1.80581,1.25,1.67
2014.07.28 16:25:45.390,1.80556,1.80579,1.00,1.57
2014.07.28 16:25:46.848,1.80552,1.80579,1.28,1.57
2014.07.28 16:25:47.137,1.80552,1.80579,2.03,1.57
2014.07.28 16:25:48.142,1.80551,1.80579,1.53,1.57
2014.07.28 16:25:48.396,1.80556,1.80582,1.50,1.47
2014.07.28 16:25:48.598,1.80561,1.80585,1.00,1.57
2014.07.28 16:25:48.801,1.80556,1.80585,1.00,1.69
2014.07.28 16:25:49.990,1.80556,1.80581,1.00,1.74
2014.07.28 16:25:51.432,1.80562,1.80581,1.00,1.74
2014.07.28 16:25:52.132,1.80556,1.80581,1.00,1.74
2014.07.28 16:25:52.348,1.80552,1.80581,1.28,1.74
2014.07.28 16:25:52.971,1.80556,1.80579,1.00,1.57
2014.07.28 16:25:53.301,1.80556,1.80579,1.00,2.07
2014.07.28 16:25:54.072,1.80552,1.80579,1.09,2.07
2014.07.28 16:25:55.213,1.80552,1.80578,1.09,1.57
2014.07.28 16:25:56.081,1.80557,1.80578,1.00,1.57
2014.07.28 16:25:56.752,1.80557,1.80579,1.00,2.07
2014.07.28 16:25:58.414,1.80557,1.80579,1.00,1.57
2014.07.28 16:26:04.725,1.80557,1.80579,1.00,1.57
2014.07.28 16:26:06.939,1.80557,1.80579,1.00,1.19
2014.07.28 16:26:09.054,1.80557,1.80579,1.00,1.69
2014.07.28 16:26:10.112,1.80557,1.80579,1.00,1.19
2014.07.28 16:26:12.217,1.80557,1.80579,1.00,1.19
2014.07.28 16:26:14.853,1.80557,1.80579,1.00,1.19
2014.07.28 16:26:15.005,1.80557,1.80581,1.25,1.37
2014.07.28 16:26:15.106,1.80562,1.80581,1.00,1.37
2014.07.28 16:26:15.660,1.80561,1.80585,1.00,1.69
2014.07.28 16:26:15.963,1.80561,1.80585,1.00,1.19
2014.07.28 16:26:16.115,1.80566,1.80587,1.00,2.22
2014.07.28 16:26:16.165,1.80566,1.80587,1.00,1.47
2014.07.28 16:26:16.682,1.80567,1.80589,1.00,1.64
2014.07.28 16:26:17.186,1.80566,1.80589,1.00,1.57
2014.07.28 16:26:17.431,1.80571,1.80589,1.00,1.57
2014.07.28 16:26:17.633,1.80567,1.80589,1.00,1.57
2014.07.28 16:26:18.137,1.80566,1.80589,1.00,1.57
2014.07.28 16:26:18.663,1.80567,1.80591,1.00,1.29
2014.07.28 16:26:19.067,1.80571,1.80591,1.00,1.29
2014.07.28 16:26:19.790,1.80571,1.80593,1.00,1.34
2014.07.28 16:26:20.850,1.80571,1.80593,1.00,1.34
2014.07.28 16:26:21.476,1.80566,1.80593,1.28,1.34
2014.07.28 16:26:22.042,1.80567,1.80593,1.00,1.84
2014.07.28 16:26:22.551,1.80567,1.80593,1.00,2.59
2014.07.28 16:26:23.281,1.80567,1.80593,1.00,1.34
2014.07.28 16:26:24.260,1.80567,1.80593,1.00,1.34
2014.07.28 16:26:25.626,1.80567,1.80593,1.00,1.34
2014.07.28 16:26:26.629,1.80567,1.80593,1.00,1.34
2014.07.28 16:26:29.484,1.80567,1.80593,1.00,1.34
2014.07.28 16:26:29.600,1.80571,1.80594,1.00,1.47
2014.07.28 16:26:30.786,1.80571,1.80594,1.00,2.22
2014.07.28 16:26:34.352,1.80571,1.80594,1.00,1.34
2014.07.28 16:26:36.876,1.80571,1.80598,1.00,1.67
2014.07.28 16:26:39.060,1.80576,1.80598,1.00,1.29
2014.07.28 16:26:40.969,1.80576,1.80599,1.00,2.22
2014.07.28 16:26:44.007,1.80576,1.80599,1.00,1.74
2014.07.28 16:26:45.550,1.80571,1.80599,1.00,1.74
2014.07.28 16:26:46.183,1.80571,1.80599,1.32,1.47
2014.07.28 16:26:48.761,1.80576,1.80599,1.00,1.47
2014.07.28 16:26:49.793,1.80576,1.80601,1.00,1.57
2014.07.28 16:26:50.059,1.80572,1.80601,1.15,1.57
2014.07.28 16:26:50.796,1.80572,1.806,1.40,1.57
2014.07.28 16:26:52.003,1.80572,1.80601,1.15,1.57
2014.07.28 16:26:52.155,1.80576,1.80601,1.00,1.57
2014.07.28 16:26:53.105,1.80576,1.806,1.00,1.57
2014.07.28 16:26:58.353,1.80576,1.80599,1.00,1.19
2014.07.28 16:27:00.289,1.80571,1.80599,2.22,1.19
2014.07.28 16:27:00.643,1.80577,1.80599,1.00,1.19
2014.07.28 16:27:00.845,1.80577,1.80601,1.00,1.32
2014.07.28 16:27:06.641,1.80577,1.806,1.00,1.19
2014.07.28 16:27:09.950,1.80577,1.80601,1.00,1.39
2014.07.28 16:27:12.956,1.80577,1.806,1.00,1.19
2014.07.28 16:27:13.820,1.80572,1.806,1.25,1.19
2014.07.28 16:27:14.149,1.80577,1.806,1.00,1.19
2014.07.28 16:27:14.259,1.80577,1.80602,1.00,2.22
2014.07.28 16:27:17.313,1.80577,1.80601,1.00,1.39
2014.07.28 16:27:20.202,1.80577,1.806,1.00,1.19
2014.07.28 16:27:23.505,1.80577,1.80602,1.13,1.19
2014.07.28 16:27:23.860,1.80582,1.80605,1.00,1.19
2014.07.28 16:27:24.614,1.80582,1.80607,1.00,1.39
2014.07.28 16:27:29.905,1.80582,1.80606,1.10,1.19
2014.07.28 16:27:31.440,1.80582,1.80609,1.10,1.19
2014.07.28 16:27:34.842,1.80581,1.80607,1.28,1.19
2014.07.28 16:27:38.349,1.80581,1.80607,1.13,1.27
2014.07.28 16:27:47.478,1.80579,1.80608,1.38,1.84
2014.07.28 16:27:48.482,1.80579,1.80604,1.38,1.19
2014.07.28 16:27:50.031,1.80577,1.80604,1.32,1.19
2014.07.28 16:27:50.082,1.80577,1.80604,1.13,1.25
2014.07.28 16:27:50.183,1.80576,1.80601,1.20,1.19
2014.07.28 16:27:50.688,1.80572,1.80598,1.57,1.19
2014.07.28 16:27:51.471,1.80572,1.80598,1.38,1.69
2014.07.28 16:27:52.753,1.80569,1.80598,3.68,1.69
2014.07.28 16:27:55.081,1.80569,1.80598,3.68,1.19
2014.07.28 16:27:56.110,1.80569,1.80597,2.93,1.19
2014.07.28 16:28:09.345,1.80572,1.80599,1.63,1.19
2014.07.28 16:28:11.544,1.80572,1.80599,1.38,1.19
2014.07.28 16:28:12.637,1.80569,1.80598,2.93,1.69
2014.07.28 16:28:15.132,1.80569,1.80597,1.80,1.19
2014.07.28 16:28:16.091,1.80568,1.80597,1.35,1.19
2014.07.28 16:28:17.838,1.80572,1.80597,1.00,1.19
2014.07.28 16:28:18.371,1.80572,1.80597,1.00,1.69
2014.07.28 16:28:19.761,1.80572,1.80597,1.00,1.19
2014.07.28 16:28:20.282,1.80568,1.80597,1.02,1.19
2014.07.28 16:28:23.143,1.80568,1.80597,2.52,1.69
2014.07.28 16:28:24.660,1.80567,1.80588,2.37,1.00
2014.07.28 16:28:24.913,1.80567,1.80593,1.57,1.19
2014.07.28 16:28:25.633,1.80567,1.80593,1.63,1.19
2014.07.28 16:28:27.420,1.80566,1.80589,2.78,1.00
2014.07.28 16:28:27.470,1.80566,1.80589,2.40,1.00
2014.07.28 16:28:28.425,1.80566,1.80593,2.40,1.19
2014.07.28 16:28:30.735,1.80568,1.80593,1.63,1.25
2014.07.28 16:28:30.886,1.80567,1.80593,1.69,1.63
2014.07.28 16:28:30.937,1.80563,1.80584,4.54,1.00
2014.07.28 16:28:31.441,1.80563,1.80583,1.47,1.00
2014.07.28 16:28:31.744,1.80568,1.80592,1.38,1.34
2014.07.28 16:28:31.845,1.80567,1.80592,1.88,1.19
2014.07.28 16:28:32.750,1.80567,1.80596,2.82,1.84
2014.07.28 16:28:33.834,1.80567,1.80596,2.82,1.34
2014.07.28 16:28:34.058,1.80567,1.80593,1.88,1.19
2014.07.28 16:28:34.362,1.80561,1.80581,1.00,1.39
2014.07.28 16:28:34.463,1.80556,1.80579,1.25,1.25
2014.07.28 16:28:34.684,1.80557,1.80584,1.19,1.84
2014.07.28 16:28:34.734,1.80556,1.80584,1.84,1.69
2014.07.28 16:28:34.835,1.80557,1.80584,2.03,1.19
2014.07.28 16:28:35.644,1.8056,1.80584,1.09,1.19
2014.07.28 16:28:36.846,1.80557,1.80582,1.84,1.19
2014.07.28 16:28:36.897,1.80556,1.80582,1.65,1.19
2014.07.28 16:28:37.552,1.80556,1.80578,1.20,1.19
2014.07.28 16:28:37.855,1.80549,1.80568,1.38,1.00
2014.07.28 16:28:38.335,1.80546,1.80574,2.55,1.19
2014.07.28 16:28:39.173,1.80546,1.80574,2.55,1.19
2014.07.28 16:28:40.289,1.80546,1.80574,2.55,1.19
2014.07.28 16:28:42.964,1.80546,1.80574,2.55,1.69
2014.07.28 16:28:44.068,1.80546,1.80574,2.55,1.69
2014.07.28 16:28:48.155,1.80547,1.80573,1.73,1.19
2014.07.28 16:28:48.966,1.80547,1.80573,2.85,1.19
2014.07.28 16:28:49.717,1.80551,1.80578,1.38,1.77
2014.07.28 16:28:51.037,1.80551,1.80578,1.38,1.27
2014.07.28 16:28:51.240,1.80549,1.80579,1.63,2.59
2014.07.28 16:28:51.341,1.80549,1.80577,1.63,1.29
2014.07.28 16:28:51.901,1.8055,1.80574,1.13,1.25
2014.07.28 16:28:52.464,1.80549,1.80574,2.07,1.19
2014.07.28 16:28:53.230,1.80549,1.80577,2.07,1.29
2014.07.28 16:28:55.909,1.80549,1.80578,1.88,1.77
2014.07.28 16:28:57.634,1.80549,1.80578,1.88,1.77
2014.07.28 16:29:01.346,1.80551,1.8058,2.07,1.29
2014.07.28 16:29:01.869,1.80553,1.80579,1.38,1.19
2014.07.28 16:29:02.431,1.80553,1.80579,1.63,1.19
2014.07.28 16:29:03.435,1.80553,1.80579,1.57,1.25
2014.07.28 16:29:03.587,1.80556,1.80579,1.38,1.25
2014.07.28 16:29:03.637,1.80557,1.80583,2.07,1.69
2014.07.28 16:29:04.514,1.80554,1.80581,1.05,1.19
2014.07.28 16:29:05.043,1.80554,1.80581,1.05,1.19
2014.07.28 16:29:07.300,1.80553,1.80581,2.12,1.19
2014.07.28 16:29:11.297,1.80554,1.80581,1.05,1.19
2014.07.28 16:29:12.510,1.80553,1.80581,1.05,1.69
2014.07.28 16:29:13.261,1.80552,1.80581,2.40,1.84
2014.07.28 16:29:13.827,1.80554,1.80581,1.97,1.37
2014.07.28 16:29:14.499,1.80554,1.80581,1.72,1.37
2014.07.28 16:29:15.580,1.80552,1.80581,2.40,1.84
2014.07.28 16:29:18.252,1.80551,1.80578,1.38,1.19
2014.07.28 16:29:18.893,1.80551,1.80578,1.38,1.19
2014.07.28 16:29:20.964,1.8055,1.80574,1.63,1.25
2014.07.28 16:29:22.233,1.80549,1.80574,2.14,1.19
2014.07.28 16:29:22.849,1.80549,1.80569,2.14,1.00
2014.07.28 16:29:23.001,1.80549,1.80569,1.02,1.00
2014.07.28 16:29:23.052,1.80549,1.80569,1.00,1.19
2014.07.28 16:29:23.102,1.80545,1.80569,1.38,1.19
2014.07.28 16:29:23.607,1.80548,1.80572,1.00,1.34
2014.07.28 16:29:23.658,1.80551,1.80572,1.00,1.27
2014.07.28 16:29:23.709,1.80551,1.80575,1.00,2.59
2014.07.28 16:29:23.760,1.80551,1.80575,1.00,1.33
2014.07.28 16:29:23.861,1.80552,1.80575,1.34,1.25
2014.07.28 16:29:25.019,1.80552,1.80578,2.03,1.19
2014.07.28 16:29:25.176,1.80549,1.80579,1.57,1.69
2014.07.28 16:29:25.682,1.80551,1.80579,1.34,1.69
2014.07.28 16:29:27.292,1.8055,1.80579,1.63,2.44
2014.07.28 16:29:27.797,1.80552,1.80578,1.09,1.19
2014.07.28 16:29:29.637,1.80547,1.80574,2.59,1.19
2014.07.28 16:29:30.252,1.80547,1.80574,2.22,1.19
2014.07.28 16:29:31.019,1.80547,1.80574,2.22,1.19
2014.07.28 16:29:31.127,1.80547,1.80569,1.69,1.00
2014.07.28 16:29:31.178,1.80547,1.80569,1.50,1.25
2014.07.28 16:29:31.330,1.80552,1.80573,1.00,1.29
2014.07.28 16:29:31.380,1.80552,1.80575,1.00,2.59
2014.07.28 16:29:31.886,1.80549,1.80574,2.14,1.19
2014.07.28 16:29:32.770,1.80549,1.80574,1.48,1.19
2014.07.28 16:29:36.783,1.8055,1.80573,1.75,1.19
2014.07.28 16:29:36.884,1.80553,1.8058,1.38,1.10
2014.07.28 16:29:36.985,1.80555,1.8058,1.57,1.02
2014.07.28 16:29:37.495,1.80558,1.80585,1.38,1.19
2014.07.28 16:29:38.019,1.80558,1.80587,2.07,1.84
2014.07.28 16:29:39.168,1.80558,1.80587,2.07,1.37
2014.07.28 16:29:40.285,1.80558,1.80587,2.07,1.37
2014.07.28 16:29:43.361,1.8056,1.80588,1.32,1.84
2014.07.28 16:29:44.383,1.8056,1.80588,1.32,1.34
2014.07.28 16:29:45.703,1.8056,1.80588,1.32,1.84
2014.07.28 16:29:46.620,1.8056,1.80579,1.25,1.00
2014.07.28 16:29:46.721,1.80557,1.80579,1.69,1.00
2014.07.28 16:29:48.589,1.80562,1.80585,1.00,1.69
2014.07.28 16:29:48.640,1.80562,1.80585,1.00,1.69
2014.07.28 16:29:48.943,1.80566,1.80588,1.00,1.34
2014.07.28 16:29:50.369,1.80566,1.80578,1.00,1.00
2014.07.28 16:29:50.470,1.80562,1.80578,1.00,1.00
2014.07.28 16:29:50.621,1.80559,1.80578,1.38,1.00
2014.07.28 16:29:50.723,1.80557,1.80578,2.07,1.00
2014.07.28 16:29:53.120,1.80557,1.80578,2.07,1.00
2014.07.28 16:29:58.176,1.80557,1.80578,1.32,1.00
2014.07.28 16:29:58.747,1.80557,1.80578,1.32,1.00
2014.07.28 16:29:59.625,1.80555,1.80578,1.10,1.38
2014.07.28 16:29:59.676,1.80555,1.80577,1.10,1.32
2014.07.28 16:29:59.778,1.80552,1.80577,1.50,1.19
2014.07.28 16:29:59.929,1.8055,1.80574,1.25,1.19
2014.07.28 16:30:00.131,1.80553,1.80574,1.00,1.19
2014.07.28 16:30:00.182,1.80553,1.80578,1.25,2.44
2014.07.28 16:30:00.698,1.80556,1.80578,1.57,1.00
2014.07.28 16:30:01.125,1.80557,1.80583,1.63,1.19
2014.07.28 16:30:01.660,1.80557,1.80583,1.25,1.19
2014.07.28 16:30:01.885,1.80557,1.80583,1.25,1.19
2014.07.28 16:30:02.990,1.80557,1.80583,1.19,1.19
2014.07.28 16:30:03.106,1.80556,1.80578,1.77,1.00
2014.07.28 16:30:04.316,1.80557,1.80583,1.19,1.19
2014.07.28 16:30:04.556,1.80557,1.80579,1.19,1.00
2014.07.28 16:30:05.724,1.80557,1.80579,1.00,1.00
2014.07.28 16:30:08.102,1.80557,1.80584,1.25,1.19
2014.07.28 16:30:09.427,1.80557,1.80584,1.19,1.19
2014.07.28 16:30:10.388,1.80559,1.80584,1.00,1.19
2014.07.28 16:30:10.948,1.80559,1.80584,1.00,1.19
2014.07.28 16:30:14.365,1.80559,1.80583,1.00,1.19
2014.07.28 16:30:18.435,1.80559,1.80583,1.00,1.19
2014.07.28 16:30:19.537,1.80559,1.80583,1.25,1.19
2014.07.28 16:30:20.639,1.80559,1.80584,1.00,1.19
2014.07.28 16:30:23.346,1.80561,1.80586,1.00,1.34
2014.07.28 16:30:24.152,1.80561,1.80587,1.00,2.97
2014.07.28 16:30:24.338,1.80559,1.80583,1.13,1.19
2014.07.28 16:30:29.095,1.80559,1.80583,1.32,1.25
2014.07.28 16:30:31.412,1.80559,1.80584,1.32,1.29
2014.07.28 16:30:32.679,1.80559,1.80584,1.13,1.29
2014.07.28 16:30:34.182,1.80559,1.80584,1.13,1.29
2014.07.28 16:30:35.588,1.80561,1.80586,1.00,1.34
2014.07.28 16:30:36.115,1.80562,1.80587,1.00,2.22
2014.07.28 16:30:37.098,1.80562,1.80588,1.00,1.19
2014.07.28 16:30:38.417,1.80562,1.8059,1.00,1.57
2014.07.28 16:30:39.628,1.80561,1.8059,1.50,1.57
2014.07.28 16:30:40.748,1.80561,1.80588,1.50,1.19
2014.07.28 16:30:44.123,1.80561,1.8059,1.50,1.57
2014.07.28 16:30:45.557,1.80561,1.80591,1.69,2.22
2014.07.28 16:30:48.370,1.80561,1.80591,1.69,2.22
2014.07.28 16:30:49.826,1.80561,1.80588,1.50,1.19
2014.07.28 16:30:50.281,1.80559,1.80584,1.28,1.19
2014.07.28 16:30:50.949,1.80559,1.80584,1.47,1.19
2014.07.28 16:30:51.100,1.80561,1.80587,1.00,2.07
2014.07.28 16:30:53.031,1.80561,1.80587,1.00,1.32
2014.07.28 16:30:57.766,1.80564,1.80587,1.00,1.19
2014.07.28 16:30:58.170,1.80562,1.80588,1.00,1.19
2014.07.28 16:30:58.372,1.80567,1.80589,1.00,1.29
2014.07.28 16:30:58.675,1.80568,1.80593,1.00,2.07
2014.07.28 16:30:58.877,1.80571,1.80593,1.00,1.57
2014.07.28 16:30:58.979,1.80573,1.80593,1.18,1.00
2014.07.28 16:30:59.130,1.80575,1.80598,1.00,1.25
2014.07.28 16:30:59.399,1.80575,1.80603,1.88,1.61
2014.07.28 16:30:59.452,1.80578,1.80605,1.00,1.47
2014.07.28 16:30:59.958,1.80579,1.80605,1.00,1.47
2014.07.28 16:31:00.361,1.80579,1.80607,1.25,1.72
2014.07.28 16:31:00.411,1.80581,1.80607,1.00,1.72
2014.07.28 16:31:01.363,1.80581,1.80608,1.00,2.22
2014.07.28 16:31:02.884,1.80581,1.80599,1.00,1.25
2014.07.28 16:31:02.985,1.80577,1.80599,1.00,1.32
2014.07.28 16:31:03.187,1.80575,1.80599,1.00,1.32
2014.07.28 16:31:05.176,1.80575,1.80599,1.00,1.19
2014.07.28 16:31:05.806,1.80575,1.80598,1.00,1.19
2014.07.28 16:31:06.109,1.80572,1.80592,1.00,1.13
2014.07.28 16:31:06.160,1.80567,1.80593,1.00,2.97
2014.07.28 16:31:06.665,1.80568,1.80593,1.00,2.22
2014.07.28 16:31:06.716,1.80571,1.80593,1.00,1.08
2014.07.28 16:31:06.766,1.80571,1.80593,1.00,1.00
2014.07.28 16:31:07.126,1.80574,1.80599,1.00,1.69
2014.07.28 16:31:07.430,1.80574,1.80594,1.00,1.57
2014.07.28 16:31:07.481,1.80572,1.80594,1.00,2.07
2014.07.28 16:31:07.582,1.80567,1.80593,1.20,1.57
2014.07.28 16:31:07.632,1.80567,1.80592,1.18,1.32
2014.07.28 16:31:07.936,1.80572,1.80592,1.00,1.57
2014.07.28 16:31:08.239,1.80577,1.80595,1.00,1.19
2014.07.28 16:31:08.340,1.80585,1.80595,1.00,1.00
2014.07.28 16:31:08.492,1.80576,1.80601,1.00,2.14
2014.07.28 16:31:08.593,1.80587,1.80601,1.00,1.69
2014.07.28 16:31:08.644,1.80587,1.80601,1.00,1.19
2014.07.28 16:31:09.165,1.80586,1.80605,1.00,2.14
2014.07.28 16:31:09.371,1.80581,1.80605,1.00,1.77
2014.07.28 16:31:09.422,1.80576,1.80604,2.70,1.19
2014.07.28 16:31:09.888,1.80581,1.80605,1.50,2.14
2014.07.28 16:31:11.107,1.80581,1.80605,1.50,1.39
2014.07.28 16:31:11.410,1.80581,1.80604,1.00,1.69
2014.07.28 16:31:11.460,1.80577,1.80604,1.00,2.44
2014.07.28 16:31:12.430,1.80577,1.80603,1.00,1.19
2014.07.28 16:31:13.876,1.80582,1.80603,1.00,1.32
2014.07.28 16:31:13.927,1.80582,1.80604,1.00,1.19
2014.07.28 16:31:15.397,1.80581,1.80605,1.00,1.67
2014.07.28 16:31:15.448,1.80578,1.80603,1.50,1.19
2014.07.28 16:31:15.951,1.80577,1.80604,1.32,1.19
2014.07.28 16:31:16.320,1.80577,1.80603,1.13,1.19
2014.07.28 16:31:19.636,1.80577,1.80602,1.00,1.61
2014.07.28 16:31:19.940,1.80581,1.80602,1.00,1.61
2014.07.28 16:31:19.990,1.80582,1.80602,1.00,1.19
2014.07.28 16:31:20.293,1.80576,1.80604,1.95,1.19
2014.07.28 16:31:20.344,1.8058,1.80604,1.00,1.19
2014.07.28 16:31:20.648,1.80581,1.80604,1.05,1.00
2014.07.28 16:31:20.966,1.80586,1.80608,1.00,2.14
2014.07.28 16:31:21.123,1.80581,1.80608,1.34,2.22
2014.07.28 16:31:21.636,1.80581,1.80608,1.09,2.22
2014.07.28 16:31:21.687,1.80586,1.80608,1.00,2.22
2014.07.28 16:31:21.889,1.80581,1.80608,1.09,2.22
2014.07.28 16:31:22.346,1.80586,1.8061,1.00,1.57
2014.07.28 16:31:24.069,1.80586,1.80612,1.00,1.81
2014.07.28 16:31:24.322,1.80586,1.80614,1.92,2.07
2014.07.28 16:31:24.581,1.80591,1.80614,1.00,1.19
2014.07.28 16:31:24.632,1.80596,1.80614,1.00,1.19
2014.07.28 16:31:24.884,1.80592,1.80616,1.10,1.19
2014.07.28 16:31:25.091,1.80592,1.80616,1.47,1.00
2014.07.28 16:31:25.397,1.80596,1.80621,1.00,1.69
2014.07.28 16:31:25.852,1.80594,1.80618,1.13,1.19
2014.07.28 16:31:26.055,1.80594,1.80618,2.07,1.00
2014.07.28 16:31:26.571,1.80596,1.80621,1.25,1.36
2014.07.28 16:31:27.160,1.80597,1.80621,1.00,1.36
2014.07.28 16:31:27.415,1.80592,1.80616,1.08,1.19
2014.07.28 16:31:27.466,1.80592,1.80616,1.18,2.44
2014.07.28 16:31:27.820,1.80586,1.80612,1.69,1.57
2014.07.28 16:31:27.871,1.80586,1.80612,1.50,2.07
2014.07.28 16:31:28.174,1.80586,1.80606,1.00,1.19
2014.07.28 16:31:28.225,1.80584,1.80603,1.00,1.19
2014.07.28 16:31:28.326,1.80577,1.80603,1.45,1.19
2014.07.28 16:31:28.429,1.80581,1.80606,1.13,1.19
2014.07.28 16:31:29.385,1.80581,1.80608,1.13,1.77
2014.07.28 16:31:31.624,1.80579,1.80604,1.32,1.61
2014.07.28 16:31:32.712,1.80578,1.80603,1.20,1.61
2014.07.28 16:31:35.605,1.80579,1.80603,1.00,1.61
2014.07.28 16:31:35.656,1.80581,1.80604,1.38,1.19
2014.07.28 16:31:35.808,1.80581,1.80607,1.38,1.19
2014.07.28 16:31:36.996,1.80581,1.80608,1.63,1.29
2014.07.28 16:31:39.228,1.80582,1.80608,1.32,1.29
2014.07.28 16:31:39.835,1.80586,1.80608,1.00,1.29
2014.07.28 16:31:41.821,1.80581,1.80608,1.57,1.29
2014.07.28 16:31:45.113,1.80582,1.80608,1.13,1.29
2014.07.28 16:31:45.379,1.80582,1.80608,1.38,1.29
2014.07.28 16:31:45.837,1.80582,1.80608,1.00,1.29
2014.07.28 16:31:46.380,1.80581,1.80608,1.32,1.29
2014.07.28 16:31:46.809,1.80581,1.80608,1.63,1.29
2014.07.28 16:31:47.751,1.80581,1.80608,1.63,1.29
2014.07.28 16:31:49.124,1.80581,1.80608,1.72,1.19
2014.07.28 16:31:49.827,1.80582,1.8061,1.77,1.19
2014.07.28 16:31:50.344,1.80586,1.8061,1.00,1.19
2014.07.28 16:31:50.862,1.80586,1.8061,1.13,1.25
2014.07.28 16:31:51.975,1.80586,1.80612,1.13,1.19
2014.07.28 16:31:54.969,1.80586,1.80612,1.13,1.19
2014.07.28 16:31:59.304,1.80586,1.80612,1.13,1.19
2014.07.28 16:32:00.362,1.80586,1.80612,1.13,1.19
2014.07.28 16:32:03.413,1.80586,1.80612,1.13,1.19
2014.07.28 16:32:04.590,1.80586,1.80612,1.13,1.19
2014.07.28 16:32:05.675,1.80586,1.80612,1.13,1.19
2014.07.28 16:32:07.559,1.80587,1.80612,1.00,1.19
2014.07.28 16:32:07.715,1.80587,1.80612,1.00,1.19
2014.07.28 16:32:08.141,1.80582,1.80612,1.77,1.19
2014.07.28 16:32:08.886,1.80581,1.80612,2.55,1.69
2014.07.28 16:32:10.892,1.80582,1.80612,1.72,1.19
2014.07.28 16:32:12.195,1.80582,1.80612,1.72,1.69
2014.07.28 16:32:13.092,1.80585,1.80612,1.84,2.07
2014.07.28 16:32:13.243,1.80591,1.80614,1.00,1.57
2014.07.28 16:32:13.886,1.80592,1.80616,1.00,2.22
2014.07.28 16:32:14.326,1.80591,1.80616,1.00,1.77
2014.07.28 16:32:14.634,1.80591,1.80614,1.00,1.32
2014.07.28 16:32:14.736,1.80585,1.80613,1.32,1.19
2014.07.28 16:32:15.616,1.80585,1.80612,1.00,1.32
2014.07.28 16:32:16.149,1.80584,1.80613,1.24,2.48
2014.07.28 16:32:17.815,1.80584,1.80612,1.43,1.73
2014.07.28 16:32:19.317,1.80584,1.80613,1.24,2.48
2014.07.28 16:32:24.532,1.80584,1.80613,1.43,2.48
2014.07.28 16:32:26.638,1.80584,1.80613,1.24,3.23
2014.07.28 16:32:27.541,1.80584,1.80611,1.24,1.36
2014.07.28 16:32:28.460,1.80579,1.80609,2.22,1.69
2014.07.28 16:32:29.160,1.80579,1.80609,2.22,2.44
2014.07.28 16:32:35.068,1.80582,1.80609,1.00,1.69
2014.07.28 16:32:36.365,1.80582,1.8061,1.25,1.69
2014.07.28 16:32:37.515,1.80582,1.80609,1.00,1.19
2014.07.28 16:32:38.639,1.80582,1.8061,1.25,1.19
2014.07.28 16:32:39.902,1.80582,1.80611,1.00,3.31
2014.07.28 16:32:41.418,1.80582,1.80611,1.25,2.56
2014.07.28 16:32:42.683,1.80582,1.8061,1.25,1.19
2014.07.28 16:32:46.334,1.80581,1.80609,1.20,1.19
2014.07.28 16:32:47.315,1.80581,1.80609,1.39,1.69
2014.07.28 16:32:48.302,1.80581,1.80608,1.20,1.19
2014.07.28 16:32:48.605,1.80581,1.80608,1.28,1.69
2014.07.28 16:32:50.521,1.80581,1.80608,1.28,1.19
2014.07.28 16:32:53.138,1.80581,1.80608,1.47,1.19
2014.07.28 16:32:56.563,1.80581,1.80609,2.22,1.19
2014.07.28 16:32:58.632,1.80581,1.80609,2.22,1.19
2014.07.28 16:33:00.068,1.80581,1.80609,2.22,1.19
2014.07.28 16:33:00.739,1.80581,1.80609,2.22,1.19
2014.07.28 16:33:01.840,1.80581,1.80609,2.22,1.19
2014.07.28 16:33:02.944,1.80581,1.80609,2.22,1.19
2014.07.28 16:33:04.047,1.80581,1.80609,2.22,1.19
2014.07.28 16:33:05.148,1.80581,1.80609,2.22,1.19
2014.07.28 16:33:06.453,1.80581,1.80609,2.22,1.19
2014.07.28 16:33:08.704,1.80581,1.80609,1.47,2.44
2014.07.28 16:33:08.890,1.80581,1.80609,1.47,2.44
2014.07.28 16:33:09.909,1.80581,1.80609,1.55,1.69
2014.07.28 16:33:11.579,1.80579,1.80589,1.45,1.00
2014.07.28 16:33:11.629,1.80579,1.80589,1.00,1.00
2014.07.28 16:33:11.681,1.80576,1.80589,1.00,1.25
2014.07.28 16:33:11.783,1.80576,1.80589,1.00,1.19
2014.07.28 16:33:11.884,1.80562,1.80589,1.09,1.19
2014.07.28 16:33:12.441,1.80567,1.8059,1.00,1.32
2014.07.28 16:33:12.875,1.80567,1.80594,1.50,2.89
2014.07.28 16:33:15.289,1.80566,1.80593,1.00,1.57
2014.07.28 16:33:16.084,1.80566,1.80592,1.00,1.57
2014.07.28 16:33:19.933,1.80566,1.80591,1.00,1.57
2014.07.28 16:33:25.006,1.80566,1.80592,1.00,2.07
2014.07.28 16:33:28.239,1.80566,1.80592,1.00,1.57
2014.07.28 16:33:33.130,1.80566,1.80592,1.00,2.07
2014.07.28 16:33:34.172,1.80566,1.80592,1.00,1.57
2014.07.28 16:33:37.744,1.80566,1.80591,1.00,1.57
2014.07.28 16:33:40.851,1.80566,1.8059,1.00,1.57
2014.07.28 16:33:42.071,1.80566,1.80592,1.00,2.07
2014.07.28 16:33:47.874,1.80565,1.80592,1.10,1.69
2014.07.28 16:33:48.596,1.80565,1.80591,1.10,1.57
2014.07.28 16:33:49.795,1.80565,1.80592,1.10,1.69
2014.07.28 16:33:53.432,1.80565,1.80591,1.00,1.57
2014.07.28 16:33:58.638,1.80566,1.80589,1.64,1.00
2014.07.28 16:33:58.689,1.80567,1.80592,2.22,1.00
2014.07.28 16:33:58.740,1.80569,1.80592,2.22,1.00
2014.07.28 16:33:59.043,1.80577,1.80592,1.00,1.00
2014.07.28 16:33:59.094,1.80577,1.80598,1.00,1.19
2014.07.28 16:33:59.195,1.8058,1.80598,1.00,1.19
2014.07.28 16:33:59.497,1.80582,1.80599,1.00,1.19
2014.07.28 16:33:59.831,1.80582,1.80603,1.00,1.57
2014.07.28 16:34:00.431,1.80581,1.80603,1.00,1.57
2014.07.28 16:34:00.953,1.80581,1.80604,1.00,1.57
2014.07.28 16:34:01.366,1.80577,1.80603,1.00,1.57
2014.07.28 16:34:01.892,1.80576,1.80604,1.58,2.07
2014.07.28 16:34:04.346,1.80576,1.80604,1.77,1.57
2014.07.28 16:34:04.447,1.80579,1.80605,1.00,1.39
2014.07.28 16:34:04.750,1.80583,1.80608,1.00,1.57
2014.07.28 16:34:05.495,1.80583,1.80608,1.00,1.57
2014.07.28 16:34:07.172,1.80583,1.80609,1.00,2.07
2014.07.28 16:34:17.719,1.80583,1.80609,1.00,2.07
2014.07.28 16:34:20.229,1.80583,1.8061,1.00,2.07
2014.07.28 16:34:25.011,1.80582,1.8061,1.50,2.22
2014.07.28 16:34:27.315,1.80582,1.80609,1.00,2.89
2014.07.28 16:34:28.325,1.80582,1.80608,1.00,1.57
2014.07.28 16:34:29.866,1.80581,1.80608,1.00,1.57
2014.07.28 16:34:36.342,1.80581,1.80608,1.00,1.57
2014.07.28 16:34:37.346,1.80581,1.80608,1.00,1.57
2014.07.28 16:34:37.993,1.80582,1.80608,1.00,1.57
2014.07.28 16:34:42.377,1.80582,1.80608,1.00,1.57
2014.07.28 16:34:44.487,1.80582,1.80608,1.00,1.57
2014.07.28 16:34:49.009,1.80582,1.80608,1.00,1.57
2014.07.28 16:34:50.082,1.80582,1.80608,1.00,1.57
2014.07.28 16:34:51.288,1.80582,1.80608,1.00,2.07
2014.07.28 16:34:54.698,1.80582,1.80608,1.00,1.57
2014.07.28 16:34:55.944,1.80582,1.80608,1.00,2.07
2014.07.28 16:34:58.271,1.80582,1.80608,1.00,1.57
2014.07.28 16:34:59.513,1.80582,1.80608,1.00,1.57
2014.07.28 16:35:01.662,1.80582,1.80608,1.00,2.07
2014.07.28 16:35:03.633,1.80579,1.80608,1.29,2.07
2014.07.28 16:35:04.140,1.80581,1.80608,1.00,2.07
2014.07.28 16:35:04.654,1.80581,1.80608,1.00,1.57
2014.07.28 16:35:09.766,1.80581,1.80608,1.00,1.67
2014.07.28 16:35:10.627,1.80582,1.80609,1.00,1.74
2014.07.28 16:35:11.650,1.80582,1.80609,1.00,2.22
2014.07.28 16:35:12.652,1.80582,1.80609,1.00,1.74
2014.07.28 16:35:14.467,1.80582,1.80609,1.00,2.22
2014.07.28 16:35:15.659,1.80582,1.80608,1.00,1.67
2014.07.28 16:35:16.194,1.80581,1.80608,1.50,1.67
2014.07.28 16:35:17.079,1.80581,1.80608,1.00,1.67
2014.07.28 16:35:18.513,1.80582,1.80609,1.00,2.22
2014.07.28 16:35:19.417,1.80582,1.80608,1.00,1.67
2014.07.28 16:35:19.944,1.80581,1.80608,1.00,2.14
2014.07.28 16:35:22.889,1.80581,1.80607,1.00,1.57
2014.07.28 16:35:25.396,1.80581,1.80608,1.00,2.22
2014.07.28 16:35:26.700,1.80581,1.80607,1.00,1.74
2014.07.28 16:35:27.804,1.80581,1.80608,1.00,2.22
2014.07.28 16:35:28.953,1.80581,1.80609,1.00,2.97
2014.07.28 16:35:31.552,1.80581,1.80607,1.00,1.74
2014.07.28 16:35:33.101,1.80581,1.80606,1.00,1.67
2014.07.28 16:35:34.561,1.80581,1.80608,1.00,2.22
2014.07.28 16:35:36.365,1.80581,1.80609,1.00,2.97
2014.07.28 16:35:40.275,1.80581,1.80608,1.00,2.22
2014.07.28 16:35:41.528,1.80581,1.80608,1.00,1.72
2014.07.28 16:35:45.202,1.80581,1.80608,1.00,2.22
2014.07.28 16:35:46.294,1.80581,1.80608,1.00,1.77
2014.07.28 16:35:51.923,1.80579,1.80606,1.00,1.73
2014.07.28 16:35:52.226,1.80576,1.80602,1.00,2.14
2014.07.28 16:35:52.327,1.80574,1.80602,1.25,2.14
2014.07.28 16:35:52.630,1.80574,1.80599,1.00,1.57
2014.07.28 16:35:52.933,1.80572,1.806,1.58,1.57
2014.07.28 16:35:54.166,1.80572,1.80601,1.58,1.69
2014.07.28 16:35:54.267,1.80576,1.80601,1.00,1.69
2014.07.28 16:35:54.495,1.80574,1.80601,1.00,2.11
2014.07.28 16:35:56.824,1.80574,1.806,1.00,2.07
2014.07.28 16:35:57.771,1.80573,1.80599,1.00,1.57
2014.07.28 16:35:58.315,1.80571,1.80599,1.09,2.07
2014.07.28 16:36:02.365,1.80571,1.80598,1.18,1.57
2014.07.28 16:36:04.157,1.80571,1.80598,1.10,1.64
2014.07.28 16:36:04.957,1.80571,1.80599,1.00,2.22
2014.07.28 16:36:05.929,1.80572,1.80599,1.00,2.22
2014.07.28 16:36:06.656,1.80572,1.80599,1.50,1.72
2014.07.28 16:36:07.445,1.80569,1.80594,1.19,1.98
2014.07.28 16:36:08.406,1.80567,1.80594,1.39,1.98
2014.07.28 16:36:09.964,1.80567,1.80594,1.39,1.98
2014.07.28 16:36:13.109,1.80567,1.80594,1.20,1.98
2014.07.28 16:36:13.699,1.80567,1.80593,1.95,1.61
2014.07.28 16:36:20.386,1.80567,1.80593,1.58,1.73
2014.07.28 16:36:21.511,1.80567,1.80593,1.77,1.73
2014.07.28 16:36:22.600,1.80567,1.80593,1.77,1.73
2014.07.28 16:36:23.310,1.80567,1.80593,2.14,1.61
2014.07.28 16:36:24.102,1.80567,1.80593,1.95,1.61
2014.07.28 16:36:25.807,1.80567,1.80593,1.95,1.61
2014.07.28 16:36:26.333,1.80567,1.80592,1.10,1.25
2014.07.28 16:36:28.124,1.80567,1.80594,1.48,1.73
2014.07.28 16:36:28.723,1.80567,1.80594,1.48,2.48
2014.07.28 16:36:29.450,1.80567,1.80594,1.48,1.73
2014.07.28 16:36:30.524,1.80567,1.80594,1.39,1.73
2014.07.28 16:36:33.934,1.80567,1.80594,1.39,1.73
2014.07.28 16:36:37.378,1.80567,1.80594,1.39,1.73
2014.07.28 16:36:39.459,1.80567,1.80594,1.67,1.73
2014.07.28 16:36:40.554,1.80567,1.80594,1.39,1.32
2014.07.28 16:36:41.151,1.80567,1.80594,1.02,1.98
2014.07.28 16:36:42.111,1.80566,1.80589,1.37,1.00
2014.07.28 16:36:44.243,1.80568,1.80589,1.00,1.25
2014.07.28 16:36:45.521,1.80568,1.80594,1.00,1.98
2014.07.28 16:36:46.200,1.80566,1.80594,1.77,1.98
2014.07.28 16:36:46.745,1.80566,1.80594,1.29,1.98
2014.07.28 16:36:47.376,1.80566,1.80594,1.02,1.98
2014.07.28 16:36:47.893,1.80566,1.80594,2.14,1.61
2014.07.28 16:36:48.398,1.80566,1.80594,1.77,1.98
2014.07.28 16:36:50.229,1.80566,1.80594,1.77,1.61
2014.07.28 16:36:52.497,1.80566,1.80594,1.77,2.11
2014.07.28 16:36:53.304,1.80566,1.80594,2.14,2.11
2014.07.28 16:36:53.806,1.80566,1.80594,2.14,2.11
2014.07.28 16:36:54.631,1.80566,1.80594,2.14,1.32
2014.07.28 16:36:54.899,1.80572,1.80594,1.00,1.32
2014.07.28 16:36:55.152,1.80572,1.80598,1.39,1.19
2014.07.28 16:36:55.691,1.80572,1.80598,1.02,1.57
2014.07.28 16:36:56.196,1.80577,1.80597,1.00,1.32
2014.07.28 16:36:57.158,1.80577,1.80597,1.00,1.32
2014.07.28 16:36:58.217,1.80577,1.80595,1.00,1.00
2014.07.28 16:36:58.319,1.80571,1.80595,1.27,1.00
2014.07.28 16:36:58.940,1.80572,1.80595,1.29,1.00
2014.07.28 16:36:59.672,1.80572,1.80594,1.10,1.19
2014.07.28 16:36:59.975,1.80566,1.80594,1.77,2.82
2014.07.28 16:37:00.076,1.80566,1.80594,1.19,2.82
2014.07.28 16:37:00.177,1.80572,1.80591,1.00,1.19
2014.07.28 16:37:00.329,1.80572,1.80597,1.00,1.74
2014.07.28 16:37:00.380,1.8057,1.80598,1.00,2.97
2014.07.28 16:37:00.633,1.80567,1.80594,1.15,1.57
2014.07.28 16:37:00.734,1.80567,1.80593,1.00,1.57
2014.07.28 16:37:00.835,1.80571,1.8059,1.00,2.07
2014.07.28 16:37:01.144,1.80567,1.8059,1.34,1.57
2014.07.28 16:37:01.599,1.80566,1.8059,1.00,2.07
2014.07.28 16:37:02.104,1.80566,1.8059,1.00,1.74
2014.07.28 16:37:02.352,1.80562,1.80589,1.28,1.67
2014.07.28 16:37:02.656,1.80558,1.80588,1.29,1.57
2014.07.28 16:37:03.889,1.80562,1.80588,1.00,1.57
2014.07.28 16:37:05.871,1.80559,1.80584,1.00,1.73
2014.07.28 16:37:06.037,1.80559,1.80579,1.00,1.00
2014.07.28 16:37:06.088,1.80555,1.80579,1.57,1.00
2014.07.28 16:37:06.660,1.80552,1.80578,2.22,1.00
2014.07.28 16:37:09.112,1.80555,1.80578,1.25,1.00
2014.07.28 16:37:15.528,1.80554,1.80578,1.32,1.00
2014.07.28 16:37:16.047,1.80555,1.80578,1.00,1.00
2014.07.28 16:37:21.603,1.80555,1.80578,1.19,1.00
2014.07.28 16:37:22.968,1.80554,1.80578,1.32,1.25
2014.07.28 16:37:23.513,1.80556,1.8058,1.00,1.19
2014.07.28 16:37:24.075,1.80556,1.80579,1.00,1.00
2014.07.28 16:37:24.577,1.80556,1.80582,1.50,1.32
2014.07.28 16:37:25.121,1.80557,1.80582,1.00,1.32
2014.07.28 16:37:26.187,1.80557,1.80582,1.00,1.32
2014.07.28 16:37:28.301,1.80557,1.80582,1.25,1.32
2014.07.28 16:37:28.534,1.80556,1.80578,1.29,1.00
2014.07.28 16:37:29.745,1.80556,1.80578,1.29,1.00
2014.07.28 16:37:31.314,1.80556,1.80578,1.02,1.00
2014.07.28 16:37:36.128,1.80557,1.80582,1.00,1.73
2014.07.28 16:37:37.329,1.80556,1.80582,1.02,1.32
2014.07.28 16:37:38.441,1.80556,1.80582,1.02,1.73
2014.07.28 16:37:40.751,1.80556,1.80582,1.10,1.73
2014.07.28 16:37:42.731,1.80556,1.80582,1.02,1.73
2014.07.28 16:37:44.134,1.80556,1.80582,1.29,1.73
2014.07.28 16:37:45.236,1.80556,1.80582,1.02,1.73
2014.07.28 16:37:50.052,1.80556,1.80582,1.00,2.48
2014.07.28 16:37:50.607,1.80557,1.80582,1.00,2.07
2014.07.28 16:37:51.079,1.80561,1.80582,1.00,2.07
2014.07.28 16:37:51.595,1.80561,1.80582,1.00,1.32
2014.07.28 16:37:52.276,1.80561,1.80582,1.00,1.32
2014.07.28 16:37:53.964,1.80561,1.80582,1.00,1.32
2014.07.28 16:37:57.586,1.80561,1.80584,1.00,2.14
2014.07.28 16:37:59.684,1.80561,1.80584,1.00,2.14
2014.07.28 16:38:00.927,1.80561,1.80584,1.00,2.14
2014.07.28 16:38:03.094,1.80561,1.80584,1.00,2.89
2014.07.28 16:38:03.971,1.80556,1.80584,1.25,3.64
2014.07.28 16:38:04.058,1.80561,1.80584,1.00,2.89
2014.07.28 16:38:05.048,1.80557,1.80583,1.00,1.57
2014.07.28 16:38:05.555,1.80557,1.80582,1.00,1.32
2014.07.28 16:38:06.715,1.80557,1.80582,1.00,1.73
2014.07.28 16:38:12.822,1.80557,1.80581,1.00,1.73
2014.07.28 16:38:18.138,1.80554,1.80578,1.02,1.19
2014.07.28 16:38:19.128,1.80557,1.80579,1.00,1.19
2014.07.28 16:38:19.661,1.80557,1.80579,1.00,1.19
2014.07.28 16:38:21.548,1.80561,1.80579,1.00,1.19
2014.07.28 16:38:23.151,1.80561,1.80579,1.00,1.25
2014.07.28 16:38:24.637,1.80557,1.80579,1.00,1.25
2014.07.28 16:38:30.248,1.80555,1.80579,1.00,1.25
2014.07.28 16:38:30.350,1.80557,1.8058,1.00,1.19
2014.07.28 16:38:30.882,1.80556,1.8058,1.69,1.19
2014.07.28 16:38:31.420,1.80557,1.8058,1.00,1.32
2014.07.28 16:38:32.108,1.80556,1.8058,1.00,1.32
2014.07.28 16:38:32.634,1.80556,1.8058,1.00,1.32
2014.07.28 16:38:33.905,1.80557,1.8058,1.00,1.32
2014.07.28 16:38:34.428,1.80556,1.8058,1.00,1.32
2014.07.28 16:38:36.094,1.80556,1.8058,1.00,1.32
2014.07.28 16:38:38.420,1.80557,1.8058,1.00,1.32
2014.07.28 16:38:38.621,1.80557,1.8058,1.00,1.32
2014.07.28 16:38:40.619,1.80557,1.8058,1.00,1.32
2014.07.28 16:38:41.367,1.80555,1.80579,1.13,1.19
2014.07.28 16:38:41.678,1.80557,1.8058,1.00,1.19
2014.07.28 16:38:42.050,1.80561,1.8058,1.00,1.19
2014.07.28 16:38:42.821,1.80561,1.8058,1.00,1.25
2014.07.28 16:38:43.145,1.80557,1.8058,1.25,1.25
2014.07.28 16:38:46.218,1.80557,1.80581,1.00,1.32
2014.07.28 16:38:46.530,1.80557,1.80581,1.00,1.32
2014.07.28 16:38:47.116,1.80561,1.80581,1.00,1.32
2014.07.28 16:38:48.033,1.80561,1.80581,1.00,1.32
2014.07.28 16:38:53.558,1.80557,1.80581,1.19,1.13
2014.07.28 16:38:54.320,1.80557,1.80581,1.00,1.32
2014.07.28 16:38:57.260,1.80557,1.80581,1.19,1.32
2014.07.28 16:39:00.196,1.80562,1.80581,1.00,1.25
2014.07.28 16:39:01.037,1.80556,1.80584,1.32,2.07
2014.07.28 16:39:02.074,1.80556,1.80582,2.07,1.19
2014.07.28 16:39:02.359,1.80562,1.80582,1.00,1.19
2014.07.28 16:39:02.714,1.80561,1.80578,1.00,1.19
2014.07.28 16:39:04.807,1.80561,1.80578,1.00,1.19
2014.07.28 16:39:08.234,1.80561,1.80578,1.00,1.19
2014.07.28 16:39:09.338,1.80561,1.80578,1.00,1.19
2014.07.28 16:39:10.429,1.80561,1.80578,1.00,1.19
2014.07.28 16:39:11.863,1.80557,1.80578,1.00,1.19
2014.07.28 16:39:12.038,1.80551,1.80578,2.22,1.19
2014.07.28 16:39:12.397,1.80557,1.80581,1.00,1.32
2014.07.28 16:39:13.162,1.80557,1.80583,1.00,2.07
2014.07.28 16:39:15.167,1.80557,1.80583,1.00,1.32
2014.07.28 16:39:15.559,1.80553,1.80583,1.32,1.32
2014.07.28 16:39:16.107,1.80556,1.80583,1.00,1.32
2014.07.28 16:39:21.160,1.80556,1.80583,1.00,1.32
2014.07.28 16:39:22.464,1.80556,1.80584,1.00,1.67
2014.07.28 16:39:22.995,1.80557,1.80584,1.00,1.67
2014.07.28 16:39:24.809,1.80557,1.80586,1.00,2.22
2014.07.28 16:39:25.298,1.80557,1.80586,1.20,2.14
2014.07.28 16:39:25.659,1.80562,1.80586,1.00,1.57
2014.07.28 16:39:25.709,1.80557,1.80586,1.28,1.57
2014.07.28 16:39:25.912,1.80561,1.80586,1.00,1.57
2014.07.28 16:39:26.117,1.80556,1.80586,2.22,1.57
2014.07.28 16:39:26.978,1.80556,1.80587,2.22,2.07
2014.07.28 16:39:28.097,1.80562,1.80587,1.00,1.57
2014.07.28 16:39:28.182,1.80562,1.80588,1.00,1.67
2014.07.28 16:39:29.087,1.80557,1.80588,1.74,1.67
2014.07.28 16:39:29.608,1.80557,1.80588,1.47,3.27
2014.07.28 16:39:30.401,1.80557,1.80588,1.47,2.52
2014.07.28 16:39:31.096,1.80562,1.80588,1.00,1.77
2014.07.28 16:39:31.618,1.80562,1.80588,1.00,1.67
2014.07.28 16:39:35.139,1.80557,1.80588,1.74,2.14
2014.07.28 16:39:35.655,1.80557,1.80588,1.74,2.89
2014.07.28 16:39:36.239,1.80561,1.80588,1.00,2.14
2014.07.28 16:39:38.417,1.80561,1.80588,1.00,2.14
