2015.11.18 10:00:00.254,2.14181,2.14228,1.00,1.00
2015.11.18 10:00:00.557,2.14183,2.14229,1.00,1.00
2015.11.18 10:00:01.240,2.14183,2.14229,1.37,1.00
2015.11.18 10:00:01.391,2.14186,2.14233,1.12,1.00
2015.11.18 10:00:01.442,2.1419,2.14235,1.00,1.00
2015.11.18 10:00:01.695,2.14192,2.14238,1.12,1.00
2015.11.18 10:00:01.745,2.14199,2.14245,1.00,1.70
2015.11.18 10:00:02.101,2.14196,2.14241,1.00,1.00
2015.11.18 10:00:02.556,2.14196,2.14241,1.37,1.00
2015.11.18 10:00:02.658,2.14201,2.14245,1.00,1.00
2015.11.18 10:00:03.319,2.14197,2.14243,1.37,1.00
2015.11.18 10:00:03.420,2.14197,2.14243,1.00,1.00
2015.11.18 10:00:04.027,2.14197,2.14243,1.37,1.00
2015.11.18 10:00:04.077,2.14206,2.1425,1.00,1.00
2015.11.18 10:00:04.505,2.14203,2.14249,1.00,1.00
2015.11.18 10:00:04.708,2.14207,2.14251,1.00,1.00
2015.11.18 10:00:04.860,2.14209,2.14254,1.00,1.00
2015.11.18 10:00:05.692,2.14206,2.14252,1.00,1.00
2015.11.18 10:00:06.534,2.14209,2.14255,1.00,1.00
2015.11.18 10:00:07.598,2.14206,2.14253,1.12,1.00
2015.11.18 10:00:08.177,2.14208,2.14253,1.00,1.00
2015.11.18 10:00:08.638,2.14209,2.14256,1.00,1.00
2015.11.18 10:00:08.739,2.14213,2.14257,1.00,1.00
2015.11.18 10:00:09.041,2.14209,2.14253,1.00,1.00
2015.11.18 10:00:09.344,2.14213,2.14257,1.00,1.00
2015.11.18 10:00:10.002,2.14209,2.14256,1.00,1.00
2015.11.18 10:00:10.103,2.14213,2.14257,1.00,1.00
2015.11.18 10:00:11.478,2.14215,2.14257,1.00,1.00
2015.11.18 10:00:11.680,2.14213,2.14257,1.50,1.00
2015.11.18 10:00:12.248,2.14213,2.14256,1.00,1.00
2015.11.18 10:00:12.779,2.14213,2.14257,1.50,1.00
2015.11.18 10:00:13.132,2.14215,2.14257,1.00,1.00
2015.11.18 10:00:13.688,2.14215,2.1426,1.50,1.00
2015.11.18 10:00:14.183,2.14214,2.14258,1.00,1.00
2015.11.18 10:00:14.487,2.14217,2.14261,1.12,1.00
2015.11.18 10:00:14.790,2.14222,2.14265,1.00,1.00
2015.11.18 10:00:15.149,2.14222,2.14265,1.37,1.00
2015.11.18 10:00:15.865,2.14224,2.14265,1.00,1.00
2015.11.18 10:00:16.067,2.14222,2.14265,1.12,1.00
2015.11.18 10:00:16.560,2.14223,2.1427,1.50,1.50
2015.11.18 10:00:17.065,2.14227,2.1427,1.00,1.00
2015.11.18 10:00:17.166,2.14228,2.14273,1.00,1.00
2015.11.18 10:00:18.318,2.14229,2.14273,1.00,1.00
2015.11.18 10:00:18.803,2.14234,2.14275,1.00,1.00
2015.11.18 10:00:20.032,2.14237,2.14275,1.00,1.00
2015.11.18 10:00:20.335,2.14249,2.14282,1.00,1.00
2015.11.18 10:00:20.464,2.14252,2.14288,1.00,1.00
2015.11.18 10:00:20.515,2.14252,2.14295,1.00,1.12
2015.11.18 10:00:20.616,2.14253,2.14298,1.00,1.50
2015.11.18 10:00:20.667,2.14258,2.14298,1.00,1.00
2015.11.18 10:00:20.919,2.1426,2.14306,1.00,1.00
2015.11.18 10:00:21.071,2.14268,2.1431,1.00,1.00
2015.11.18 10:00:21.379,2.14271,2.14308,1.00,1.00
2015.11.18 10:00:21.430,2.14268,2.14308,1.00,1.00
2015.11.18 10:00:21.481,2.14268,2.14302,1.00,1.00
2015.11.18 10:00:21.627,2.14266,2.14302,1.00,1.00
2015.11.18 10:00:21.729,2.14261,2.14302,1.00,1.00
2015.11.18 10:00:21.830,2.14261,2.14299,1.00,1.00
2015.11.18 10:00:22.184,2.14261,2.14299,1.00,1.37
2015.11.18 10:00:22.235,2.14257,2.14296,1.00,1.37
2015.11.18 10:00:22.286,2.14251,2.14296,1.00,1.37
2015.11.18 10:00:22.388,2.14242,2.14284,1.00,1.37
2015.11.18 10:00:22.439,2.1424,2.14284,1.12,1.37
2015.11.18 10:00:22.490,2.1424,2.14277,1.00,1.37
2015.11.18 10:00:22.878,2.14237,2.14275,1.00,1.00
2015.11.18 10:00:22.929,2.14237,2.14279,1.00,1.12
2015.11.18 10:00:23.030,2.14238,2.14275,1.00,1.00
2015.11.18 10:00:24.142,2.14238,2.14276,1.00,1.00
2015.11.18 10:00:24.561,2.14241,2.14281,1.00,1.00
2015.11.18 10:00:24.713,2.14244,2.14281,1.00,1.00
2015.11.18 10:00:25.221,2.14244,2.14282,1.00,1.00
2015.11.18 10:00:25.462,2.14244,2.14285,1.00,1.00
2015.11.18 10:00:25.564,2.14247,2.14288,1.00,1.00
2015.11.18 10:00:25.868,2.14256,2.14295,1.00,1.00
2015.11.18 10:00:26.120,2.14258,2.14298,1.00,1.00
2015.11.18 10:00:27.659,2.14258,2.14292,1.00,1.00
2015.11.18 10:00:27.841,2.14252,2.14292,1.00,1.00
2015.11.18 10:00:27.892,2.14252,2.14295,1.00,1.00
2015.11.18 10:00:28.145,2.14256,2.14295,1.00,1.00
2015.11.18 10:00:28.196,2.14256,2.14299,1.00,1.00
2015.11.18 10:00:28.347,2.1426,2.14299,1.00,1.00
2015.11.18 10:00:28.449,2.14256,2.14299,1.00,1.00
2015.11.18 10:00:28.980,2.14256,2.14298,1.00,1.00
2015.11.18 10:00:30.156,2.14256,2.14298,1.37,1.00
2015.11.18 10:00:30.308,2.14255,2.14293,1.75,1.00
2015.11.18 10:00:30.837,2.14256,2.14292,1.75,1.00
2015.11.18 10:00:31.551,2.14251,2.14289,1.37,1.00
2015.11.18 10:00:31.652,2.14249,2.14289,1.37,1.75
2015.11.18 10:00:31.703,2.14246,2.14279,1.37,1.00
2015.11.18 10:00:31.754,2.14244,2.14279,1.50,1.00
2015.11.18 10:00:32.132,2.14244,2.14281,1.50,1.00
2015.11.18 10:00:32.234,2.14246,2.14281,1.00,1.00
2015.11.18 10:00:32.285,2.14246,2.14286,1.00,1.50
2015.11.18 10:00:32.437,2.14244,2.14286,1.00,1.50
2015.11.18 10:00:32.943,2.14245,2.14286,1.00,1.50
2015.11.18 10:00:33.146,2.14247,2.14286,1.00,1.50
2015.11.18 10:00:35.184,2.14249,2.14286,1.00,1.00
2015.11.18 10:00:36.141,2.14247,2.14286,1.00,1.50
2015.11.18 10:00:36.242,2.14247,2.14282,1.00,1.00
2015.11.18 10:00:37.665,2.14247,2.14285,1.00,1.00
2015.11.18 10:00:38.217,2.14247,2.14286,1.00,1.50
2015.11.18 10:00:39.119,2.14244,2.14286,1.00,1.50
2015.11.18 10:00:39.170,2.14246,2.14286,1.00,1.50
2015.11.18 10:00:39.473,2.14249,2.14286,1.50,1.00
2015.11.18 10:00:39.524,2.14249,2.14291,1.50,1.12
2015.11.18 10:00:40.525,2.14249,2.1429,1.50,1.00
2015.11.18 10:00:44.694,2.14249,2.14291,1.50,1.12
2015.11.18 10:00:44.947,2.14248,2.14288,1.75,1.00
2015.11.18 10:00:45.249,2.14249,2.14283,1.00,1.00
2015.11.18 10:00:45.650,2.14249,2.14285,1.50,1.50
2015.11.18 10:00:48.160,2.14247,2.14282,1.00,1.00
2015.11.18 10:00:49.264,2.1425,2.14285,1.00,1.50
2015.11.18 10:00:49.823,2.14246,2.14283,1.12,1.00
2015.11.18 10:00:50.384,2.14248,2.14285,1.00,1.00
2015.11.18 10:00:52.609,2.14248,2.14285,1.00,1.37
2015.11.18 10:00:52.913,2.14247,2.14282,1.00,1.50
2015.11.18 10:00:53.316,2.14249,2.14282,1.00,1.00
2015.11.18 10:00:53.641,2.14245,2.14282,1.50,1.00
2015.11.18 10:00:54.529,2.14248,2.14282,1.00,1.00
2015.11.18 10:00:55.053,2.14248,2.14283,1.00,1.00
2015.11.18 10:00:56.044,2.14251,2.14283,1.00,1.00
2015.11.18 10:00:57.032,2.14248,2.14282,1.00,1.00
2015.11.18 10:01:02.178,2.14244,2.14279,1.37,1.00
2015.11.18 10:01:02.661,2.14247,2.14282,1.00,1.50
2015.11.18 10:01:02.914,2.14247,2.14282,1.00,3.00
2015.11.18 10:01:03.016,2.14244,2.1428,1.00,1.12
2015.11.18 10:01:03.217,2.14241,2.14277,1.00,1.00
2015.11.18 10:01:03.519,2.14244,2.14279,1.00,1.50
2015.11.18 10:01:04.785,2.14246,2.14284,1.00,1.87
2015.11.18 10:01:06.298,2.14246,2.14282,1.00,1.00
2015.11.18 10:01:08.354,2.14244,2.1428,1.12,1.00
2015.11.18 10:01:08.607,2.14218,2.14261,1.75,1.12
2015.11.18 10:01:08.739,2.14218,2.14257,1.75,1.00
2015.11.18 10:01:09.066,2.1422,2.14255,1.12,1.00
2015.11.18 10:01:10.265,2.14225,2.14259,1.00,1.75
2015.11.18 10:01:10.417,2.14228,2.14263,1.00,1.75
2015.11.18 10:01:10.568,2.14226,2.14263,1.00,2.25
2015.11.18 10:01:11.140,2.14225,2.1426,1.00,1.00
2015.11.18 10:01:11.672,2.14226,2.14259,1.00,1.00
2015.11.18 10:01:11.774,2.14222,2.14258,1.00,1.50
2015.11.18 10:01:11.825,2.14222,2.14258,1.00,2.25
2015.11.18 10:01:11.976,2.14217,2.14254,1.00,1.75
2015.11.18 10:01:12.681,2.1422,2.14256,1.00,1.75
2015.11.18 10:01:12.934,2.14218,2.14253,1.00,1.50
2015.11.18 10:01:13.036,2.14214,2.14252,1.00,1.12
2015.11.18 10:01:13.188,2.14214,2.1425,1.00,1.00
2015.11.18 10:01:13.542,2.14204,2.14239,1.00,1.00
2015.11.18 10:01:13.694,2.142,2.1424,1.00,1.00
2015.11.18 10:01:14.253,2.142,2.14239,1.00,1.00
2015.11.18 10:01:14.939,2.142,2.1424,1.00,1.00
2015.11.18 10:01:15.651,2.142,2.14239,1.00,1.00
2015.11.18 10:01:16.946,2.14197,2.14239,1.75,1.00
2015.11.18 10:01:17.659,2.142,2.14239,1.00,1.00
2015.11.18 10:01:19.002,2.142,2.1424,1.00,1.00
2015.11.18 10:01:19.198,2.14202,2.1424,1.00,1.00
2015.11.18 10:01:20.268,2.14203,2.1424,1.00,1.00
2015.11.18 10:01:20.751,2.14207,2.1424,1.00,1.00
2015.11.18 10:01:21.262,2.14204,2.14245,1.00,1.75
2015.11.18 10:01:21.566,2.14199,2.1424,1.12,1.00
2015.11.18 10:01:21.667,2.14197,2.14235,1.75,1.50
2015.11.18 10:01:21.769,2.14195,2.14234,1.00,1.75
2015.11.18 10:01:21.921,2.14191,2.14234,2.25,1.75
2015.11.18 10:01:22.285,2.14196,2.14234,1.12,1.75
2015.11.18 10:01:22.437,2.14198,2.1424,1.50,1.00
2015.11.18 10:01:22.538,2.14201,2.1424,1.00,1.00
2015.11.18 10:01:22.841,2.14203,2.1424,1.00,1.00
2015.11.18 10:01:23.519,2.14201,2.1424,1.00,1.00
2015.11.18 10:01:23.667,2.14207,2.14248,1.00,1.00
2015.11.18 10:01:26.133,2.14203,2.14248,1.87,2.25
2015.11.18 10:01:26.184,2.14203,2.14248,2.25,1.75
2015.11.18 10:01:27.032,2.14206,2.14245,1.00,1.75
2015.11.18 10:01:27.185,2.14211,2.14254,1.12,2.25
2015.11.18 10:01:27.235,2.14214,2.14253,1.00,1.50
2015.11.18 10:01:27.488,2.14219,2.14262,1.75,1.50
2015.11.18 10:01:27.833,2.14223,2.14264,1.00,1.75
2015.11.18 10:01:27.934,2.14219,2.14263,2.25,3.00
2015.11.18 10:01:27.986,2.14219,2.14257,2.25,1.00
2015.11.18 10:01:28.293,2.14201,2.14244,1.75,1.00
2015.11.18 10:01:28.344,2.14201,2.14244,1.00,1.75
2015.11.18 10:01:28.395,2.14197,2.14238,2.25,1.00
2015.11.18 10:01:29.098,2.14196,2.14239,1.75,1.12
2015.11.18 10:01:29.932,2.14198,2.14238,1.37,1.00
2015.11.18 10:01:30.793,2.14196,2.14239,1.75,1.87
2015.11.18 10:01:31.757,2.14195,2.14238,1.75,1.00
2015.11.18 10:01:38.041,2.14195,2.14239,1.75,1.12
2015.11.18 10:01:42.796,2.142,2.14239,1.00,1.12
2015.11.18 10:01:43.301,2.14198,2.14239,1.37,1.12
2015.11.18 10:01:44.456,2.14201,2.14243,1.00,2.25
2015.11.18 10:01:44.759,2.14205,2.14244,1.00,1.12
2015.11.18 10:01:45.011,2.14208,2.14246,1.00,1.75
2015.11.18 10:01:46.336,2.14209,2.14244,1.00,1.12
2015.11.18 10:01:46.617,2.14205,2.14242,1.00,1.00
2015.11.18 10:01:48.191,2.14208,2.14245,1.00,1.50
2015.11.18 10:01:49.270,2.14206,2.14242,1.00,1.00
2015.11.18 10:01:49.574,2.14204,2.1424,1.12,1.00
2015.11.18 10:01:52.182,2.14207,2.14242,1.00,1.00
2015.11.18 10:01:52.451,2.14203,2.14241,1.50,1.00
2015.11.18 10:01:55.332,2.14202,2.14237,2.25,1.00
2015.11.18 10:01:56.932,2.14201,2.14234,1.00,1.00
2015.11.18 10:01:56.983,2.14196,2.14234,2.25,1.00
2015.11.18 10:01:57.084,2.14196,2.14231,1.50,1.00
2015.11.18 10:01:57.764,2.14196,2.14234,1.50,1.00
2015.11.18 10:01:58.300,2.14199,2.14236,1.00,1.50
2015.11.18 10:01:58.401,2.14197,2.14233,1.37,1.00
2015.11.18 10:01:58.881,2.142,2.14236,1.00,1.00
2015.11.18 10:02:00.202,2.14198,2.14233,1.12,1.00
2015.11.18 10:02:00.706,2.14196,2.14231,1.50,1.00
2015.11.18 10:02:00.850,2.14191,2.14228,1.50,1.00
2015.11.18 10:02:01.409,2.14193,2.14231,1.00,1.00
2015.11.18 10:02:02.075,2.14193,2.14228,1.00,1.00
2015.11.18 10:02:02.230,2.14187,2.14225,1.50,1.00
2015.11.18 10:02:02.281,2.14192,2.14226,1.00,1.00
2015.11.18 10:02:02.864,2.1419,2.14225,1.00,1.00
2015.11.18 10:02:03.349,2.14184,2.14219,1.00,1.00
2015.11.18 10:02:03.819,2.14179,2.14216,1.37,1.00
2015.11.18 10:02:04.223,2.14182,2.14218,1.00,1.00
2015.11.18 10:02:05.127,2.14181,2.1422,1.00,1.12
2015.11.18 10:02:05.432,2.14183,2.14222,1.00,1.50
2015.11.18 10:02:09.293,2.14184,2.14223,1.00,2.25
2015.11.18 10:02:10.197,2.14182,2.14223,1.00,1.75
2015.11.18 10:02:11.036,2.14184,2.14222,1.00,1.50
2015.11.18 10:02:11.339,2.14186,2.14222,1.00,1.50
2015.11.18 10:02:12.942,2.1419,2.14223,1.00,1.75
2015.11.18 10:02:13.245,2.14187,2.14222,1.00,1.50
2015.11.18 10:02:13.346,2.14189,2.14222,1.00,1.50
2015.11.18 10:02:13.655,2.14193,2.14229,1.00,2.25
2015.11.18 10:02:13.706,2.14193,2.14229,1.00,2.25
2015.11.18 10:02:14.213,2.14194,2.14228,1.00,1.75
2015.11.18 10:02:15.276,2.14196,2.14228,1.00,1.75
2015.11.18 10:02:16.317,2.14194,2.14229,1.00,2.25
2015.11.18 10:02:16.731,2.14196,2.14232,1.00,1.37
2015.11.18 10:02:16.866,2.14198,2.14232,1.00,1.00
2015.11.18 10:02:17.069,2.14199,2.14235,1.00,1.00
2015.11.18 10:02:17.221,2.14201,2.14235,1.00,1.00
2015.11.18 10:02:17.272,2.14201,2.14238,1.00,1.87
2015.11.18 10:02:18.339,2.142,2.14238,1.00,1.87
2015.11.18 10:02:20.326,2.14199,2.14235,1.00,1.00
2015.11.18 10:02:20.647,2.14204,2.14241,1.00,1.75
2015.11.18 10:02:20.850,2.14202,2.14238,1.00,1.37
2015.11.18 10:02:23.079,2.14201,2.14239,1.00,1.50
2015.11.18 10:02:23.231,2.14201,2.14239,1.37,1.12
2015.11.18 10:02:23.282,2.14203,2.14241,1.50,1.00
2015.11.18 10:02:23.791,2.14205,2.14241,1.00,1.00
2015.11.18 10:02:24.396,2.14203,2.14241,3.00,1.00
2015.11.18 10:02:25.371,2.14205,2.14241,1.00,1.00
2015.11.18 10:02:26.541,2.14203,2.14241,2.25,1.00
2015.11.18 10:02:30.603,2.14207,2.14242,1.00,1.00
2015.11.18 10:02:31.204,2.14208,2.14242,1.00,1.00
2015.11.18 10:02:34.837,2.14203,2.1424,2.25,1.00
2015.11.18 10:02:36.768,2.14203,2.1424,1.12,1.12
2015.11.18 10:02:36.819,2.142,2.14236,1.00,1.00
2015.11.18 10:02:37.323,2.14199,2.14234,1.00,1.00
2015.11.18 10:02:37.424,2.14197,2.14234,1.00,1.12
2015.11.18 10:02:37.626,2.14196,2.1423,1.50,1.00
2015.11.18 10:02:37.953,2.14198,2.14233,1.00,1.00
2015.11.18 10:02:39.335,2.14197,2.14231,1.00,1.00
2015.11.18 10:02:39.881,2.14197,2.14234,1.00,1.12
2015.11.18 10:02:40.534,2.14198,2.14234,1.00,1.12
2015.11.18 10:02:40.648,2.14204,2.14234,1.00,1.00
2015.11.18 10:02:40.750,2.14204,2.1424,1.00,1.50
2015.11.18 10:02:40.902,2.14206,2.14242,1.00,1.75
2015.11.18 10:02:41.407,2.14207,2.14242,1.00,1.75
2015.11.18 10:02:41.710,2.14203,2.14241,1.00,2.25
2015.11.18 10:02:42.254,2.14202,2.14238,1.00,1.00
2015.11.18 10:02:43.365,2.14199,2.14236,1.87,1.00
2015.11.18 10:02:45.898,2.14201,2.14236,1.00,1.00
2015.11.18 10:02:46.200,2.14204,2.14238,1.00,1.00
2015.11.18 10:02:46.779,2.14205,2.1424,1.00,1.50
2015.11.18 10:02:47.890,2.14204,2.14239,1.00,1.12
2015.11.18 10:02:48.596,2.14202,2.14239,1.00,1.12
2015.11.18 10:02:48.849,2.14201,2.14237,1.00,1.00
2015.11.18 10:02:49.172,2.142,2.14232,1.00,1.00
2015.11.18 10:02:49.762,2.14197,2.14232,1.75,1.00
2015.11.18 10:02:49.863,2.14197,2.14232,1.00,1.37
2015.11.18 10:02:52.368,2.14195,2.14229,1.00,1.00
2015.11.18 10:02:52.886,2.14194,2.14229,1.00,1.00
2015.11.18 10:02:54.346,2.14193,2.14223,1.00,1.00
2015.11.18 10:02:54.600,2.14182,2.14218,1.00,2.25
2015.11.18 10:02:54.701,2.14178,2.14213,1.00,1.00
2015.11.18 10:02:54.752,2.14175,2.14213,1.12,1.00
2015.11.18 10:02:55.808,2.14176,2.14213,1.00,1.00
2015.11.18 10:02:56.849,2.14178,2.14213,1.00,1.00
2015.11.18 10:02:57.152,2.14182,2.14218,1.50,2.25
2015.11.18 10:03:02.088,2.14183,2.14218,1.00,2.25
2015.11.18 10:03:05.599,2.14182,2.14217,1.00,1.50
2015.11.18 10:03:05.953,2.14184,2.14221,1.00,1.75
2015.11.18 10:03:06.376,2.14182,2.14218,1.00,1.75
2015.11.18 10:03:06.881,2.14184,2.14219,1.00,1.75
2015.11.18 10:03:07.033,2.14182,2.14217,1.50,1.50
2015.11.18 10:03:07.134,2.14185,2.14219,1.00,1.75
2015.11.18 10:03:07.734,2.14182,2.14219,1.50,2.25
2015.11.18 10:03:08.289,2.14185,2.14218,1.00,1.75
2015.11.18 10:03:08.597,2.14187,2.14218,1.00,1.75
2015.11.18 10:03:08.956,2.14184,2.14219,1.50,1.75
2015.11.18 10:03:09.495,2.14185,2.14219,1.00,1.75
2015.11.18 10:03:09.902,2.14176,2.1421,1.00,1.12
2015.11.18 10:03:09.953,2.14176,2.14206,1.00,1.00
2015.11.18 10:03:10.079,2.14171,2.14206,1.50,1.00
2015.11.18 10:03:10.130,2.14172,2.14206,1.00,1.37
2015.11.18 10:03:10.232,2.14171,2.14206,1.00,1.00
2015.11.18 10:03:10.384,2.14168,2.14205,1.50,1.00
2015.11.18 10:03:11.141,2.1417,2.14205,1.00,1.00
2015.11.18 10:03:11.247,2.1417,2.14205,1.37,1.00
2015.11.18 10:03:11.298,2.14176,2.14208,1.00,1.00
2015.11.18 10:03:11.551,2.14178,2.14212,1.00,1.00
2015.11.18 10:03:12.055,2.14178,2.14213,1.00,1.00
2015.11.18 10:03:15.587,2.14176,2.14212,1.50,1.00
2015.11.18 10:03:16.092,2.14177,2.14212,1.00,1.00
2015.11.18 10:03:16.194,2.14179,2.14212,1.00,1.00
2015.11.18 10:03:16.395,2.14176,2.14212,2.25,1.00
2015.11.18 10:03:16.511,2.14179,2.14212,1.00,1.00
2015.11.18 10:03:17.538,2.14179,2.14216,1.00,1.00
2015.11.18 10:03:18.184,2.14177,2.14213,2.25,1.00
2015.11.18 10:03:18.519,2.14178,2.14216,1.00,1.00
2015.11.18 10:03:20.468,2.14179,2.14216,1.00,1.00
2015.11.18 10:03:22.061,2.14181,2.14216,1.00,1.00
2015.11.18 10:03:22.162,2.14179,2.14216,1.00,1.00
2015.11.18 10:03:22.212,2.14179,2.14213,1.00,1.00
2015.11.18 10:03:22.263,2.14176,2.14213,2.25,1.00
2015.11.18 10:03:23.418,2.14176,2.14211,1.00,1.00
2015.11.18 10:03:23.923,2.14174,2.14211,1.50,1.00
2015.11.18 10:03:25.273,2.14174,2.14211,1.00,1.12
2015.11.18 10:03:25.975,2.14171,2.14209,1.12,1.00
2015.11.18 10:03:26.455,2.14173,2.14209,1.00,1.00
2015.11.18 10:03:26.758,2.14175,2.14211,1.00,1.12
2015.11.18 10:03:27.260,2.14176,2.14211,1.00,1.12
2015.11.18 10:03:28.085,2.14175,2.14211,1.00,1.12
2015.11.18 10:03:29.761,2.14173,2.14208,1.00,1.00
2015.11.18 10:03:29.812,2.14174,2.14211,1.00,1.12
2015.11.18 10:03:29.863,2.1417,2.14208,1.37,1.00
2015.11.18 10:03:30.165,2.14169,2.14204,2.25,1.00
2015.11.18 10:03:30.677,2.14171,2.14208,1.12,1.00
2015.11.18 10:03:30.778,2.14172,2.14204,1.00,1.00
2015.11.18 10:03:30.829,2.14174,2.14209,1.00,1.00
2015.11.18 10:03:30.880,2.14174,2.14209,1.50,1.00
2015.11.18 10:03:30.981,2.14174,2.14211,2.25,1.00
2015.11.18 10:03:31.385,2.14177,2.14213,1.50,1.00
2015.11.18 10:03:31.486,2.14179,2.14216,1.00,1.12
2015.11.18 10:03:31.638,2.14177,2.14212,1.50,1.00
2015.11.18 10:03:32.157,2.14174,2.14211,2.25,1.00
2015.11.18 10:03:32.698,2.14176,2.14214,1.12,1.00
2015.11.18 10:03:33.171,2.1418,2.14216,1.00,1.12
2015.11.18 10:03:33.696,2.14181,2.14216,1.00,1.12
2015.11.18 10:03:34.464,2.14183,2.14218,1.00,1.50
2015.11.18 10:03:35.549,2.1418,2.14215,1.50,1.00
2015.11.18 10:03:37.573,2.14182,2.14219,1.00,1.75
2015.11.18 10:03:37.875,2.1418,2.14215,1.50,1.00
2015.11.18 10:03:39.760,2.1418,2.14212,1.00,1.00
2015.11.18 10:03:40.064,2.1418,2.14209,1.00,1.00
2015.11.18 10:03:40.216,2.14179,2.14212,1.00,1.00
2015.11.18 10:03:40.731,2.1418,2.14212,1.00,1.00
2015.11.18 10:03:41.164,2.14174,2.14212,1.00,1.12
2015.11.18 10:03:41.216,2.14173,2.14208,1.50,1.00
2015.11.18 10:03:41.468,2.1417,2.14208,1.00,1.87
2015.11.18 10:03:41.519,2.14169,2.14203,1.00,1.00
2015.11.18 10:03:41.823,2.14165,2.142,1.00,1.00
2015.11.18 10:03:42.678,2.14164,2.14199,1.00,1.00
2015.11.18 10:03:42.880,2.14165,2.14201,1.00,1.00
2015.11.18 10:03:43.384,2.14166,2.14201,1.00,1.00
2015.11.18 10:03:43.586,2.14167,2.14204,1.00,1.50
2015.11.18 10:03:44.251,2.14173,2.14204,1.12,1.50
2015.11.18 10:03:44.353,2.14177,2.1421,1.00,1.50
2015.11.18 10:03:44.454,2.14181,2.14216,1.50,1.00
2015.11.18 10:03:44.606,2.14181,2.14216,2.25,1.00
2015.11.18 10:03:44.808,2.14187,2.14218,1.00,1.00
2015.11.18 10:03:45.034,2.14182,2.14218,1.00,1.00
2015.11.18 10:03:45.088,2.14182,2.14215,1.00,1.00
2015.11.18 10:03:45.189,2.14181,2.14218,1.00,1.00
2015.11.18 10:03:45.240,2.14178,2.14215,1.00,1.00
2015.11.18 10:03:45.543,2.14169,2.14205,1.00,1.50
2015.11.18 10:03:45.795,2.14157,2.14194,1.12,1.00
2015.11.18 10:03:47.017,2.14158,2.14194,1.00,1.00
2015.11.18 10:03:47.269,2.14161,2.14196,1.00,1.00
2015.11.18 10:03:47.435,2.14158,2.14194,1.50,1.00
2015.11.18 10:03:47.536,2.14158,2.14192,1.00,1.00
2015.11.18 10:03:48.056,2.14159,2.14193,1.00,1.00
2015.11.18 10:03:48.805,2.14158,2.14192,1.00,1.00
2015.11.18 10:03:49.312,2.14156,2.14191,1.50,1.00
2015.11.18 10:03:51.609,2.14157,2.14191,1.00,1.00
2015.11.18 10:03:53.727,2.14156,2.14191,1.00,1.00
2015.11.18 10:03:56.237,2.14158,2.14193,1.00,1.00
2015.11.18 10:03:56.742,2.14158,2.14194,1.50,1.00
2015.11.18 10:03:57.291,2.14158,2.14195,1.50,1.00
2015.11.18 10:03:57.943,2.14158,2.14192,1.00,1.00
2015.11.18 10:04:01.382,2.14159,2.14196,1.00,1.00
2015.11.18 10:04:06.580,2.14162,2.14197,1.00,1.12
2015.11.18 10:04:08.024,2.14159,2.14196,1.00,1.00
2015.11.18 10:04:08.125,2.14162,2.14196,1.00,1.00
2015.11.18 10:04:09.100,2.14159,2.14196,1.00,1.00
2015.11.18 10:04:09.567,2.14156,2.14192,1.12,1.00
2015.11.18 10:04:11.715,2.14159,2.14195,1.00,1.00
2015.11.18 10:04:12.019,2.14166,2.142,1.00,1.75
2015.11.18 10:04:12.070,2.14166,2.142,1.00,1.00
2015.11.18 10:04:12.171,2.1417,2.142,1.00,1.00
2015.11.18 10:04:12.222,2.1417,2.14203,1.00,1.12
2015.11.18 10:04:12.424,2.14167,2.14203,1.00,1.12
2015.11.18 10:04:12.677,2.14169,2.14205,1.00,2.25
2015.11.18 10:04:13.224,2.1417,2.14205,1.00,1.50
2015.11.18 10:04:14.122,2.14168,2.14204,1.50,1.37
2015.11.18 10:04:15.728,2.1417,2.14204,1.00,1.37
2015.11.18 10:04:16.046,2.14168,2.14204,1.00,1.37
2015.11.18 10:04:16.097,2.14165,2.14201,1.00,1.75
2015.11.18 10:04:16.148,2.14162,2.14198,1.00,1.50
2015.11.18 10:04:16.199,2.1416,2.14194,1.00,1.00
2015.11.18 10:04:16.451,2.14157,2.14192,1.00,1.00
2015.11.18 10:04:17.453,2.14154,2.1419,1.00,1.00
2015.11.18 10:04:21.202,2.14155,2.1419,1.00,1.00
2015.11.18 10:04:21.710,2.14154,2.1419,1.00,1.00
2015.11.18 10:04:24.598,2.14151,2.14186,1.00,1.00
2015.11.18 10:04:24.902,2.14146,2.14181,1.00,1.12
2015.11.18 10:04:25.452,2.14145,2.1418,1.00,1.00
2015.11.18 10:04:26.001,2.14146,2.14181,1.00,1.12
2015.11.18 10:04:26.551,2.14145,2.1418,1.00,1.00
2015.11.18 10:04:38.764,2.14149,2.14186,1.00,1.37
2015.11.18 10:04:38.814,2.1415,2.14186,1.00,1.00
2015.11.18 10:04:38.966,2.14151,2.14188,1.12,1.00
2015.11.18 10:04:39.211,2.14156,2.14188,1.37,1.00
2015.11.18 10:04:39.262,2.14157,2.14192,1.50,1.00
2015.11.18 10:04:39.870,2.14156,2.14189,1.75,1.00
2015.11.18 10:04:40.873,2.14157,2.14194,1.50,1.00
2015.11.18 10:04:40.974,2.14156,2.1419,1.75,1.00
2015.11.18 10:04:43.433,2.14156,2.14187,1.75,1.00
2015.11.18 10:04:46.039,2.1415,2.14183,1.50,1.00
2015.11.18 10:04:46.242,2.14148,2.14183,1.00,1.00
2015.11.18 10:04:46.343,2.14148,2.14183,1.75,1.00
2015.11.18 10:04:46.646,2.14148,2.14181,1.75,1.00
2015.11.18 10:04:47.147,2.14149,2.14182,1.75,1.00
2015.11.18 10:04:47.450,2.14149,2.1418,1.75,1.00
2015.11.18 10:04:48.754,2.14148,2.14182,1.75,1.00
2015.11.18 10:04:49.673,2.14149,2.14181,1.75,1.00
2015.11.18 10:04:49.993,2.14149,2.14184,1.75,1.00
2015.11.18 10:04:50.858,2.14159,2.14185,1.00,1.00
2015.11.18 10:04:51.060,2.14164,2.14195,1.12,1.00
2015.11.18 10:04:51.221,2.14164,2.14199,1.12,1.00
2015.11.18 10:04:51.375,2.1417,2.142,1.75,1.00
2015.11.18 10:04:51.426,2.1417,2.14204,1.75,1.00
2015.11.18 10:04:51.628,2.1417,2.142,1.37,1.00
2015.11.18 10:04:51.931,2.1417,2.14198,1.00,1.00
2015.11.18 10:04:52.083,2.14164,2.14198,2.25,1.00
2015.11.18 10:04:53.827,2.14164,2.14201,2.25,1.00
2015.11.18 10:04:53.878,2.14172,2.14201,1.00,1.00
2015.11.18 10:04:54.182,2.14183,2.14211,1.00,1.00
2015.11.18 10:04:54.384,2.14183,2.14216,1.00,1.00
2015.11.18 10:04:54.536,2.14183,2.14211,1.00,1.00
2015.11.18 10:04:54.881,2.14169,2.14204,1.00,1.00
2015.11.18 10:04:55.385,2.14168,2.14204,1.50,1.00
2015.11.18 10:04:55.978,2.14169,2.14204,1.00,1.00
2015.11.18 10:04:56.649,2.14169,2.14202,1.00,1.00
2015.11.18 10:04:57.158,2.14168,2.14202,1.00,1.00
2015.11.18 10:04:57.259,2.14169,2.14204,1.00,1.00
2015.11.18 10:05:01.497,2.14168,2.14204,1.50,1.00
2015.11.18 10:05:03.634,2.1417,2.14208,1.00,1.50
2015.11.18 10:05:09.967,2.1417,2.14206,1.00,1.00
2015.11.18 10:05:10.894,2.14171,2.14206,1.00,1.00
2015.11.18 10:05:12.939,2.1417,2.14206,1.00,1.00
2015.11.18 10:05:14.601,2.1417,2.14206,1.75,1.00
2015.11.18 10:05:15.630,2.14178,2.14209,1.00,1.00
2015.11.18 10:05:15.932,2.14181,2.14211,1.00,1.00
2015.11.18 10:05:16.515,2.14181,2.14212,1.00,1.00
2015.11.18 10:05:17.374,2.14181,2.14211,1.00,1.00
2015.11.18 10:05:19.642,2.14181,2.14213,1.00,1.00
2015.11.18 10:05:20.147,2.14181,2.14212,1.00,1.00
2015.11.18 10:05:20.342,2.14179,2.14212,1.00,1.00
2015.11.18 10:05:20.847,2.14178,2.14212,1.00,1.00
2015.11.18 10:05:20.948,2.14173,2.14208,1.75,1.00
2015.11.18 10:05:21.100,2.14176,2.14214,1.12,1.00
2015.11.18 10:05:21.151,2.14181,2.14214,1.00,1.00
2015.11.18 10:05:21.511,2.14182,2.14216,1.00,1.00
2015.11.18 10:05:24.264,2.14179,2.14214,1.00,1.00
2015.11.18 10:05:24.769,2.14176,2.14213,1.75,1.00
2015.11.18 10:05:25.483,2.14176,2.14209,1.75,1.00
2015.11.18 10:05:25.920,2.14176,2.14211,2.25,1.00
2015.11.18 10:05:26.314,2.14177,2.14215,1.50,1.50
2015.11.18 10:05:26.415,2.14177,2.14215,1.12,1.87
2015.11.18 10:05:26.466,2.14175,2.14211,1.50,1.00
2015.11.18 10:05:26.719,2.14176,2.14209,1.00,1.00
2015.11.18 10:05:27.224,2.14176,2.1421,1.00,1.00
2015.11.18 10:05:27.757,2.14176,2.14208,1.00,1.00
2015.11.18 10:05:28.318,2.14175,2.14208,1.00,1.00
2015.11.18 10:05:29.548,2.14176,2.14208,1.00,1.00
2015.11.18 10:05:29.852,2.14164,2.14199,1.12,1.00
2015.11.18 10:05:29.902,2.14164,2.14197,1.12,1.00
2015.11.18 10:05:30.407,2.14164,2.14198,1.12,1.00
2015.11.18 10:05:31.703,2.14163,2.14198,2.25,1.00
2015.11.18 10:05:31.906,2.14169,2.14204,2.25,1.00
2015.11.18 10:05:32.072,2.14176,2.14204,1.37,1.00
2015.11.18 10:05:32.173,2.14176,2.14211,1.75,1.00
2015.11.18 10:05:32.325,2.14176,2.14208,1.75,1.00
2015.11.18 10:05:32.678,2.14175,2.14211,1.75,1.00
2015.11.18 10:05:36.190,2.14177,2.14212,1.50,1.00
2015.11.18 10:05:37.146,2.14179,2.14214,1.00,1.00
2015.11.18 10:05:39.548,2.14175,2.14212,3.00,1.00
2015.11.18 10:05:39.700,2.14175,2.1421,1.00,1.00
2015.11.18 10:05:39.751,2.14173,2.1421,1.00,1.00
2015.11.18 10:05:39.801,2.1417,2.14206,1.75,1.00
2015.11.18 10:05:39.953,2.14166,2.14201,1.00,1.00
2015.11.18 10:05:40.620,2.14169,2.14204,1.00,1.12
2015.11.18 10:05:40.923,2.14171,2.14206,1.00,1.00
2015.11.18 10:05:41.439,2.14171,2.14207,1.00,1.12
2015.11.18 10:05:42.398,2.14171,2.14206,1.00,1.00
2015.11.18 10:05:43.978,2.14171,2.14207,1.00,1.12
2015.11.18 10:05:45.203,2.14171,2.14206,1.00,1.00
2015.11.18 10:05:45.455,2.14168,2.14204,1.12,1.00
2015.11.18 10:05:45.910,2.1417,2.14207,1.00,1.12
2015.11.18 10:05:46.179,2.14172,2.14209,1.00,1.50
2015.11.18 10:05:46.482,2.14175,2.14211,1.00,2.25
2015.11.18 10:05:46.887,2.14171,2.14206,1.00,1.00
2015.11.18 10:05:46.988,2.14174,2.1421,1.00,1.75
2015.11.18 10:05:47.400,2.14172,2.14208,1.00,1.37
2015.11.18 10:05:47.551,2.14175,2.1421,1.00,1.75
2015.11.18 10:05:48.370,2.14168,2.14206,1.87,1.00
2015.11.18 10:05:48.546,2.14169,2.14204,1.00,1.00
2015.11.18 10:05:49.051,2.14169,2.14204,1.00,1.37
2015.11.18 10:05:50.911,2.14166,2.14203,1.00,1.12
2015.11.18 10:05:51.133,2.1417,2.14206,1.00,2.25
2015.11.18 10:05:51.600,2.14167,2.14205,1.00,1.50
2015.11.18 10:05:54.293,2.14167,2.14202,1.00,1.00
2015.11.18 10:05:54.344,2.14164,2.142,1.00,1.00
2015.11.18 10:05:54.449,2.14166,2.14202,1.00,1.00
2015.11.18 10:05:55.020,2.14164,2.14201,1.00,1.00
2015.11.18 10:05:55.223,2.14161,2.14198,1.37,1.00
2015.11.18 10:05:55.542,2.14157,2.14192,1.00,1.50
2015.11.18 10:05:56.528,2.14153,2.14191,1.00,1.12
2015.11.18 10:05:59.147,2.14151,2.14187,1.12,1.00
2015.11.18 10:05:59.248,2.14153,2.1419,1.00,1.00
2015.11.18 10:06:01.428,2.14155,2.14193,1.00,2.25
2015.11.18 10:06:01.731,2.14153,2.14189,1.00,1.00
2015.11.18 10:06:03.238,2.14151,2.14186,1.87,1.00
2015.11.18 10:06:03.604,2.14151,2.14185,1.00,1.75
2015.11.18 10:06:03.858,2.14142,2.14179,1.00,1.50
2015.11.18 10:06:03.909,2.14146,2.14183,1.00,1.37
2015.11.18 10:06:04.212,2.14156,2.14191,1.00,1.00
2015.11.18 10:06:04.515,2.14158,2.14194,1.00,1.75
2015.11.18 10:06:05.323,2.14158,2.14194,1.00,1.00
2015.11.18 10:06:08.173,2.1416,2.14197,1.00,1.12
2015.11.18 10:06:14.128,2.1416,2.14197,1.75,1.00
2015.11.18 10:06:14.280,2.14163,2.142,1.00,1.00
2015.11.18 10:06:14.801,2.14162,2.14198,1.12,1.00
2015.11.18 10:06:15.105,2.14165,2.142,1.00,1.00
2015.11.18 10:06:16.500,2.14167,2.14204,1.00,1.75
2015.11.18 10:06:17.999,2.14169,2.14205,1.00,1.75
2015.11.18 10:06:18.151,2.14169,2.14207,1.00,1.12
2015.11.18 10:06:18.404,2.14172,2.14208,1.00,1.37
2015.11.18 10:06:18.647,2.14168,2.14205,1.00,1.00
2015.11.18 10:06:18.799,2.14171,2.14207,1.00,1.12
2015.11.18 10:06:19.103,2.14164,2.14199,1.00,1.00
2015.11.18 10:06:19.154,2.14165,2.14202,1.00,1.12
2015.11.18 10:06:19.204,2.14168,2.14204,1.00,2.25
2015.11.18 10:06:19.255,2.14168,2.14204,1.00,1.50
2015.11.18 10:06:19.564,2.14165,2.14202,1.75,1.00
2015.11.18 10:06:19.797,2.14168,2.14205,1.00,1.00
2015.11.18 10:06:20.050,2.14165,2.14201,2.25,1.00
2015.11.18 10:06:20.201,2.14171,2.14206,1.00,1.00
2015.11.18 10:06:20.302,2.1417,2.14203,1.00,1.00
2015.11.18 10:06:20.605,2.14174,2.14207,1.00,1.00
2015.11.18 10:06:23.330,2.14174,2.14203,1.00,1.00
2015.11.18 10:06:23.483,2.14165,2.14202,2.25,1.00
2015.11.18 10:06:24.003,2.14169,2.14203,1.12,1.00
2015.11.18 10:06:25.640,2.14169,2.14202,1.12,1.00
2015.11.18 10:06:27.648,2.14166,2.14201,1.75,1.00
2015.11.18 10:06:34.424,2.14168,2.14205,1.50,1.00
2015.11.18 10:06:34.971,2.14168,2.14204,1.50,1.00
2015.11.18 10:06:35.478,2.14168,2.14205,1.50,1.00
2015.11.18 10:06:38.541,2.1417,2.14208,1.00,1.50
2015.11.18 10:06:39.900,2.14167,2.14204,1.75,1.00
2015.11.18 10:06:40.349,2.14169,2.14207,1.12,1.00
2015.11.18 10:06:40.450,2.14173,2.14208,1.00,1.00
2015.11.18 10:06:40.904,2.1417,2.14207,1.00,1.00
2015.11.18 10:06:41.056,2.14173,2.14209,1.00,1.12
2015.11.18 10:06:44.841,2.14171,2.14207,1.00,1.00
2015.11.18 10:06:49.612,2.14175,2.14207,1.50,1.00
2015.11.18 10:06:49.663,2.14175,2.14209,1.50,1.00
2015.11.18 10:06:49.733,2.14178,2.14209,1.00,1.00
2015.11.18 10:06:49.784,2.14177,2.14213,2.25,1.00
2015.11.18 10:06:49.885,2.14178,2.14213,1.37,1.00
2015.11.18 10:06:50.188,2.14185,2.14219,1.00,1.50
2015.11.18 10:06:50.568,2.14188,2.14221,1.00,1.00
2015.11.18 10:06:50.770,2.14191,2.14227,1.12,1.00
2015.11.18 10:06:50.821,2.14195,2.14227,1.00,1.00
2015.11.18 10:06:50.923,2.14197,2.14234,1.00,1.50
2015.11.18 10:06:51.482,2.14197,2.14234,1.12,1.00
2015.11.18 10:06:52.404,2.14197,2.14232,1.12,1.00
2015.11.18 10:06:52.556,2.14192,2.1423,1.00,1.00
2015.11.18 10:06:52.808,2.14196,2.14232,1.00,1.00
2015.11.18 10:06:56.994,2.14194,2.14229,1.00,1.00
2015.11.18 10:06:57.397,2.14191,2.14226,1.50,1.00
2015.11.18 10:06:57.851,2.14193,2.1423,1.00,1.00
2015.11.18 10:07:00.210,2.14197,2.14232,1.00,1.00
2015.11.18 10:07:00.538,2.14194,2.14231,1.00,1.00
2015.11.18 10:07:03.859,2.14196,2.14232,1.00,1.00
2015.11.18 10:07:04.513,2.14196,2.14233,1.00,2.25
2015.11.18 10:07:05.019,2.14196,2.14232,1.00,1.00
2015.11.18 10:07:05.335,2.14198,2.14232,1.00,1.00
2015.11.18 10:07:05.884,2.14198,2.14233,1.00,1.00
2015.11.18 10:07:06.055,2.14198,2.14236,1.00,1.00
2015.11.18 10:07:08.436,2.14201,2.14237,1.00,1.50
2015.11.18 10:07:08.739,2.14204,2.14239,1.50,1.00
2015.11.18 10:07:08.841,2.14208,2.14244,1.50,1.00
2015.11.18 10:07:08.942,2.14212,2.14245,1.00,1.00
2015.11.18 10:07:09.093,2.14212,2.14249,1.00,1.00
2015.11.18 10:07:09.245,2.14211,2.14246,1.00,1.00
2015.11.18 10:07:09.548,2.14222,2.14257,1.00,1.50
2015.11.18 10:07:09.814,2.14224,2.14261,1.00,1.00
2015.11.18 10:07:09.866,2.1422,2.14263,1.75,1.50
2015.11.18 10:07:15.852,2.1423,2.14264,1.00,1.00
2015.11.18 10:07:16.004,2.1423,2.14269,1.75,1.00
2015.11.18 10:07:18.270,2.1423,2.1427,1.75,1.12
2015.11.18 10:07:20.198,2.14229,2.14267,1.75,1.00
2015.11.18 10:07:22.170,2.14229,2.14269,1.75,1.00
2015.11.18 10:07:25.190,2.14226,2.14268,1.37,1.37
2015.11.18 10:07:25.494,2.14226,2.14266,1.37,1.37
2015.11.18 10:07:25.797,2.14224,2.14258,1.75,1.00
2015.11.18 10:07:25.898,2.14224,2.14265,2.25,1.00
2015.11.18 10:07:30.972,2.14224,2.14267,2.25,1.12
2015.11.18 10:07:33.374,2.14224,2.14265,2.25,1.00
2015.11.18 10:07:34.282,2.14225,2.14261,1.50,1.00
2015.11.18 10:07:34.686,2.14225,2.14264,1.50,1.00
2015.11.18 10:07:35.277,2.14225,2.14265,1.50,1.50
2015.11.18 10:07:37.384,2.14224,2.14266,2.25,1.50
2015.11.18 10:07:38.424,2.14225,2.14265,1.50,1.00
2015.11.18 10:07:38.955,2.14224,2.14266,2.25,1.00
2015.11.18 10:07:39.469,2.14225,2.14265,1.50,1.00
2015.11.18 10:07:43.401,2.14224,2.14263,2.25,1.00
2015.11.18 10:07:43.810,2.14225,2.14265,1.50,1.50
2015.11.18 10:07:44.250,2.14221,2.14265,1.75,1.37
2015.11.18 10:07:48.375,2.14226,2.14267,1.00,1.75
2015.11.18 10:07:48.527,2.14229,2.14267,1.37,1.00
2015.11.18 10:07:48.578,2.14232,2.14271,1.00,1.00
2015.11.18 10:07:48.729,2.14233,2.14273,1.75,1.00
2015.11.18 10:07:48.780,2.14234,2.14277,1.50,1.37
2015.11.18 10:07:49.461,2.14234,2.14275,1.50,1.12
2015.11.18 10:07:50.006,2.14234,2.14276,1.50,1.12
2015.11.18 10:07:53.535,2.14235,2.14275,1.37,1.00
2015.11.18 10:07:54.072,2.14233,2.14277,1.75,1.37
2015.11.18 10:07:54.439,2.1424,2.14276,1.00,1.00
2015.11.18 10:07:54.490,2.14234,2.14275,2.25,1.00
2015.11.18 10:07:55.028,2.14234,2.14278,3.00,3.00
2015.11.18 10:08:01.643,2.14234,2.14275,1.50,1.00
2015.11.18 10:08:02.144,2.14234,2.14277,1.50,1.37
2015.11.18 10:08:03.199,2.14234,2.14275,1.50,1.00
2015.11.18 10:08:03.751,2.14233,2.14276,2.25,1.12
2015.11.18 10:08:05.261,2.14234,2.14279,1.75,3.00
2015.11.18 10:08:06.863,2.14238,2.14281,1.00,2.25
2015.11.18 10:08:07.065,2.14242,2.14283,1.50,1.00
2015.11.18 10:08:07.166,2.14244,2.14284,1.50,1.00
2015.11.18 10:08:07.469,2.14249,2.1429,1.50,1.12
2015.11.18 10:08:11.731,2.14247,2.14288,1.75,1.00
2015.11.18 10:08:12.128,2.14247,2.14285,1.75,1.00
2015.11.18 10:08:12.431,2.14242,2.14282,1.75,1.00
2015.11.18 10:08:12.481,2.14243,2.14282,1.00,1.00
2015.11.18 10:08:12.835,2.14243,2.14278,1.00,1.00
2015.11.18 10:08:12.885,2.14243,2.14281,1.00,1.50
2015.11.18 10:08:12.936,2.14243,2.14278,1.00,1.00
2015.11.18 10:08:13.139,2.14232,2.1427,1.00,1.37
2015.11.18 10:08:13.190,2.14226,2.14268,1.75,1.12
2015.11.18 10:08:13.241,2.14226,2.14265,1.75,1.00
2015.11.18 10:08:13.844,2.14227,2.14262,1.50,1.00
2015.11.18 10:08:14.298,2.14225,2.14259,1.75,1.00
2015.11.18 10:08:15.488,2.14226,2.14262,2.25,1.00
2015.11.18 10:08:16.207,2.14228,2.14266,1.12,1.00
2015.11.18 10:08:18.440,2.14225,2.14262,1.75,1.00
2015.11.18 10:08:19.160,2.14229,2.14264,1.00,1.00
2015.11.18 10:08:19.211,2.14226,2.14262,1.87,1.37
2015.11.18 10:08:19.716,2.14226,2.14262,1.00,1.50
2015.11.18 10:08:21.116,2.14226,2.14262,1.87,1.12
2015.11.18 10:08:21.217,2.14231,2.14267,1.00,1.00
2015.11.18 10:08:21.268,2.14234,2.1427,1.00,1.75
2015.11.18 10:08:21.595,2.14242,2.14277,1.00,1.12
2015.11.18 10:08:21.696,2.14245,2.1428,1.00,1.75
2015.11.18 10:08:22.267,2.14241,2.14277,1.00,1.12
2015.11.18 10:08:23.956,2.14239,2.14274,1.00,1.00
2015.11.18 10:08:24.929,2.14235,2.14273,1.50,1.00
2015.11.18 10:08:26.269,2.14241,2.14277,1.00,1.12
2015.11.18 10:08:26.572,2.14244,2.14279,1.00,1.00
2015.11.18 10:08:26.883,2.14247,2.14282,1.00,1.00
2015.11.18 10:08:32.481,2.14243,2.1428,1.50,1.00
2015.11.18 10:08:32.784,2.14246,2.14283,1.00,1.00
2015.11.18 10:08:35.303,2.1425,2.14285,1.00,1.50
2015.11.18 10:08:35.555,2.1425,2.14288,1.37,1.00
2015.11.18 10:08:35.606,2.14253,2.1429,1.00,1.12
2015.11.18 10:08:35.942,2.14255,2.14292,1.12,1.12
2015.11.18 10:08:36.245,2.14259,2.14296,1.37,1.00
2015.11.18 10:08:36.296,2.14262,2.14298,1.12,1.12
2015.11.18 10:08:42.456,2.14259,2.14296,1.75,1.00
2015.11.18 10:08:42.765,2.14254,2.14287,1.37,1.37
2015.11.18 10:08:42.867,2.14255,2.1429,1.00,1.00
2015.11.18 10:08:42.918,2.14258,2.14295,1.00,1.00
2015.11.18 10:08:42.969,2.14264,2.14297,1.37,1.00
2015.11.18 10:08:43.070,2.14267,2.14304,1.00,1.00
2015.11.18 10:08:43.171,2.1427,2.14305,1.00,1.00
2015.11.18 10:08:43.475,2.14266,2.14304,1.75,1.50
2015.11.18 10:08:43.526,2.14265,2.14302,1.75,1.00
2015.11.18 10:08:43.903,2.14264,2.143,1.75,1.00
2015.11.18 10:08:47.432,2.14262,2.14296,1.75,1.00
2015.11.18 10:08:47.584,2.14262,2.14296,1.00,1.00
2015.11.18 10:08:47.635,2.14262,2.143,1.00,2.25
2015.11.18 10:08:49.938,2.14262,2.14299,1.00,1.00
2015.11.18 10:08:51.095,2.14262,2.14299,1.37,1.00
2015.11.18 10:08:51.196,2.14271,2.14299,1.00,1.00
2015.11.18 10:08:51.437,2.1428,2.14316,1.37,1.37
2015.11.18 10:08:51.488,2.14282,2.14319,1.50,1.00
2015.11.18 10:08:51.589,2.1429,2.14323,1.12,1.00
2015.11.18 10:08:51.690,2.1429,2.14325,1.12,1.00
2015.11.18 10:08:51.741,2.14284,2.14328,1.75,1.87
2015.11.18 10:08:51.792,2.14284,2.14322,1.50,1.00
2015.11.18 10:08:51.902,2.14283,2.14321,1.50,1.00
2015.11.18 10:08:52.654,2.14283,2.14324,1.50,1.00
2015.11.18 10:08:53.949,2.14284,2.14323,1.12,1.00
2015.11.18 10:08:54.000,2.14279,2.14319,1.75,1.87
2015.11.18 10:08:54.237,2.14272,2.14314,1.75,1.50
2015.11.18 10:08:57.210,2.1427,2.14313,2.25,1.00
2015.11.18 10:09:00.237,2.14269,2.1431,1.37,1.12
2015.11.18 10:09:00.288,2.14269,2.1431,1.00,1.50
2015.11.18 10:09:00.389,2.1427,2.14308,1.00,1.00
2015.11.18 10:09:02.340,2.14269,2.14308,1.00,1.00
2015.11.18 10:09:02.390,2.14269,2.1431,1.00,1.50
2015.11.18 10:09:03.594,2.14269,2.1431,1.37,1.12
2015.11.18 10:09:03.696,2.14269,2.14315,1.75,1.87
2015.11.18 10:09:04.202,2.14274,2.14315,1.00,1.12
2015.11.18 10:09:06.315,2.14274,2.14312,1.00,1.00
2015.11.18 10:09:06.619,2.14268,2.14308,1.75,1.00
2015.11.18 10:09:07.129,2.14268,2.14308,1.12,1.00
2015.11.18 10:09:07.281,2.14263,2.14299,1.75,1.00
2015.11.18 10:09:07.533,2.14247,2.14281,1.37,1.00
2015.11.18 10:09:07.635,2.1424,2.14283,1.75,1.12
2015.11.18 10:09:07.736,2.1424,2.14281,1.37,1.37
2015.11.18 10:09:07.837,2.1424,2.14281,1.00,1.50
2015.11.18 10:09:08.006,2.1424,2.14278,1.00,1.00
2015.11.18 10:09:08.057,2.14236,2.14278,1.75,1.50
2015.11.18 10:09:08.209,2.14234,2.14278,1.37,3.00
2015.11.18 10:09:08.310,2.14234,2.14275,1.00,1.75
2015.11.18 10:09:11.893,2.14233,2.14275,1.00,2.25
2015.11.18 10:09:12.557,2.14233,2.14277,1.87,1.87
2015.11.18 10:09:12.607,2.14239,2.14279,1.00,1.50
2015.11.18 10:09:12.658,2.1424,2.14281,1.37,1.37
2015.11.18 10:09:13.202,2.1424,2.1428,1.75,1.00
2015.11.18 10:09:14.374,2.1424,2.14281,1.75,1.00
2015.11.18 10:09:15.107,2.1424,2.1428,1.75,1.00
2015.11.18 10:09:17.254,2.14241,2.14281,1.50,1.00
2015.11.18 10:09:17.559,2.14241,2.14281,1.00,1.75
2015.11.18 10:09:19.006,2.14246,2.14283,1.00,1.75
2015.11.18 10:09:19.157,2.14245,2.14286,1.00,1.75
2015.11.18 10:09:19.309,2.1425,2.14289,1.00,1.75
2015.11.18 10:09:19.663,2.14253,2.14289,1.00,2.25
2015.11.18 10:09:21.515,2.14251,2.14286,1.00,1.75
2015.11.18 10:09:24.874,2.14252,2.1429,1.00,1.75
2015.11.18 10:09:25.177,2.14249,2.14286,1.50,1.75
2015.11.18 10:09:25.667,2.14247,2.14283,1.00,1.37
2015.11.18 10:09:25.718,2.14245,2.14276,1.00,1.00
2015.11.18 10:09:25.819,2.14241,2.14276,1.00,1.00
2015.11.18 10:09:25.870,2.14239,2.14274,1.00,1.00
2015.11.18 10:09:29.459,2.14239,2.14274,1.00,1.37
2015.11.18 10:09:29.560,2.14229,2.14264,1.12,1.37
2015.11.18 10:09:29.712,2.14225,2.14261,1.00,1.00
2015.11.18 10:09:30.613,2.14227,2.14265,1.50,1.75
2015.11.18 10:09:30.914,2.1423,2.14266,1.00,1.75
2015.11.18 10:09:31.015,2.14225,2.14266,1.00,1.75
2015.11.18 10:09:32.934,2.14224,2.14265,2.25,1.75
2015.11.18 10:09:33.475,2.14221,2.14265,2.25,3.00
2015.11.18 10:09:34.923,2.14221,2.14262,1.75,1.00
2015.11.18 10:09:35.125,2.14219,2.1426,1.75,1.00
2015.11.18 10:09:35.279,2.14218,2.1426,1.12,1.50
2015.11.18 10:09:40.368,2.1422,2.1426,1.00,1.50
2015.11.18 10:09:40.469,2.14217,2.14261,1.87,1.75
2015.11.18 10:09:40.772,2.1422,2.14261,1.00,1.75
2015.11.18 10:09:42.464,2.1422,2.14255,1.00,1.37
2015.11.18 10:09:42.772,2.14218,2.14255,1.00,1.75
2015.11.18 10:09:45.023,2.14217,2.14255,1.00,1.75
2015.11.18 10:09:45.874,2.14217,2.14248,1.00,1.12
2015.11.18 10:09:45.925,2.1421,2.14248,1.00,2.25
2015.11.18 10:09:45.976,2.14207,2.14238,1.00,1.75
2015.11.18 10:09:46.026,2.14203,2.14238,1.00,1.75
2015.11.18 10:09:46.077,2.14203,2.14238,1.00,1.75
2015.11.18 10:09:46.128,2.14193,2.14238,1.50,3.00
2015.11.18 10:09:46.229,2.14191,2.14233,1.87,1.75
2015.11.18 10:09:46.832,2.14194,2.14233,1.00,1.75
2015.11.18 10:09:47.135,2.14196,2.14234,1.00,1.75
2015.11.18 10:09:47.593,2.14196,2.14238,1.37,1.50
2015.11.18 10:09:48.116,2.14198,2.1424,1.00,1.75
2015.11.18 10:09:49.873,2.14197,2.14239,1.87,1.75
2015.11.18 10:09:49.974,2.142,2.1424,1.00,1.75
2015.11.18 10:09:51.561,2.14202,2.14239,1.00,1.75
2015.11.18 10:09:51.713,2.14202,2.14243,1.12,1.50
2015.11.18 10:09:51.961,2.14204,2.14243,1.00,1.50
2015.11.18 10:09:53.087,2.14204,2.14245,1.87,1.37
2015.11.18 10:09:53.138,2.14206,2.14245,1.00,1.00
2015.11.18 10:09:53.189,2.14208,2.14247,1.00,1.00
2015.11.18 10:09:53.593,2.14211,2.14247,1.00,1.00
2015.11.18 10:09:53.914,2.14208,2.14247,1.00,1.00
2015.11.18 10:09:54.066,2.14206,2.14245,1.50,1.00
2015.11.18 10:09:54.167,2.14203,2.14245,1.00,1.75
2015.11.18 10:09:54.369,2.142,2.14245,1.50,3.00
2015.11.18 10:09:55.860,2.14203,2.14243,1.00,1.12
2015.11.18 10:09:56.373,2.142,2.14244,1.50,1.50
2015.11.18 10:09:56.576,2.14203,2.14244,1.00,2.25
2015.11.18 10:09:56.980,2.14199,2.14243,3.00,1.12
2015.11.18 10:09:57.488,2.14203,2.14243,1.00,1.12
2015.11.18 10:10:01.003,2.14201,2.14243,1.87,1.12
2015.11.18 10:10:01.256,2.14203,2.14245,1.00,2.25
2015.11.18 10:10:01.660,2.14201,2.14244,1.12,1.50
2015.11.18 10:10:01.711,2.14201,2.14244,1.00,1.75
2015.11.18 10:10:01.812,2.14199,2.14235,1.00,1.00
2015.11.18 10:10:01.913,2.14195,2.14235,1.12,1.00
2015.11.18 10:10:02.812,2.14194,2.14234,1.00,1.75
2015.11.18 10:10:03.317,2.14193,2.14232,1.00,1.75
2015.11.18 10:10:03.776,2.1419,2.14231,1.50,1.75
2015.11.18 10:10:04.625,2.1419,2.14225,1.00,1.75
2015.11.18 10:10:05.334,2.14185,2.14225,1.00,1.75
2015.11.18 10:10:06.849,2.14184,2.14225,1.00,2.25
2015.11.18 10:10:06.899,2.14181,2.14218,1.50,1.37
2015.11.18 10:10:06.950,2.14181,2.14218,1.12,1.00
2015.11.18 10:10:07.001,2.14181,2.14217,1.12,1.37
2015.11.18 10:10:07.527,2.14182,2.14217,1.50,1.75
2015.11.18 10:10:07.869,2.14185,2.14217,1.00,1.75
2015.11.18 10:10:08.574,2.14187,2.14217,1.00,1.75
2015.11.18 10:10:14.315,2.14184,2.14223,1.00,1.75
2015.11.18 10:10:14.838,2.14183,2.14224,1.00,1.75
2015.11.18 10:10:17.355,2.14183,2.14223,1.00,1.50
2015.11.18 10:10:19.374,2.14185,2.14224,1.00,1.75
2015.11.18 10:10:19.820,2.14188,2.14224,1.00,1.75
2015.11.18 10:10:20.124,2.142,2.14238,1.87,1.00
2015.11.18 10:10:20.175,2.14214,2.14245,1.00,1.37
2015.11.18 10:10:20.225,2.14214,2.14245,1.00,1.00
2015.11.18 10:10:20.277,2.14204,2.1424,1.00,1.00
2015.11.18 10:10:20.547,2.14194,2.14239,2.25,1.87
2015.11.18 10:10:22.052,2.14196,2.14238,1.75,1.00
2015.11.18 10:10:22.153,2.14196,2.14238,1.37,1.37
2015.11.18 10:10:22.255,2.14193,2.14232,1.00,1.50
2015.11.18 10:10:22.961,2.14192,2.14231,1.50,1.37
2015.11.18 10:10:23.504,2.14193,2.14231,1.00,1.37
2015.11.18 10:10:23.656,2.1419,2.14231,1.87,1.37
2015.11.18 10:10:23.707,2.14194,2.14231,1.00,1.37
2015.11.18 10:10:23.808,2.14191,2.14231,1.00,1.37
2015.11.18 10:10:25.739,2.14188,2.14232,1.50,2.25
2015.11.18 10:10:25.789,2.14187,2.14223,1.37,1.87
2015.11.18 10:10:25.991,2.14178,2.14214,1.00,1.00
2015.11.18 10:10:27.743,2.14177,2.14214,1.00,1.00
2015.11.18 10:10:27.895,2.14177,2.14209,1.00,1.37
2015.11.18 10:10:28.149,2.14154,2.1419,1.00,1.00
2015.11.18 10:10:28.200,2.14151,2.1419,1.00,1.00
2015.11.18 10:10:28.571,2.14151,2.14188,1.00,1.00
2015.11.18 10:10:28.917,2.14151,2.14188,1.00,1.75
2015.11.18 10:10:29.254,2.14154,2.14187,1.00,1.75
2015.11.18 10:10:35.968,2.14153,2.14187,1.00,1.37
2015.11.18 10:10:36.018,2.14153,2.14187,1.00,1.00
2015.11.18 10:10:38.399,2.14153,2.14188,1.00,1.12
2015.11.18 10:10:38.940,2.14152,2.14194,1.87,1.87
2015.11.18 10:10:39.092,2.14155,2.14194,1.00,1.87
2015.11.18 10:10:39.712,2.14158,2.14194,1.00,1.12
2015.11.18 10:10:40.116,2.14158,2.14199,1.50,1.00
2015.11.18 10:10:40.167,2.14161,2.14202,1.00,1.75
2015.11.18 10:10:40.370,2.14157,2.142,1.12,1.50
2015.11.18 10:10:40.711,2.14161,2.142,1.00,1.50
2015.11.18 10:10:40.913,2.14164,2.14206,1.37,1.50
2015.11.18 10:10:43.035,2.14161,2.14203,1.75,1.00
2015.11.18 10:10:44.556,2.14161,2.14202,1.75,1.00
2015.11.18 10:10:44.607,2.1416,2.14202,1.00,2.25
2015.11.18 10:10:44.658,2.14156,2.14201,1.75,1.50
2015.11.18 10:10:44.709,2.14155,2.14194,1.50,3.00
2015.11.18 10:10:44.911,2.14141,2.14184,2.25,1.75
2015.11.18 10:10:45.049,2.14141,2.14177,2.25,1.00
2015.11.18 10:10:45.100,2.14135,2.14176,1.00,1.37
2015.11.18 10:10:45.403,2.14137,2.14176,1.00,1.37
2015.11.18 10:10:45.759,2.14135,2.14176,1.00,1.37
2015.11.18 10:10:45.911,2.14134,2.14176,1.00,1.00
2015.11.18 10:10:46.444,2.14138,2.14176,1.00,1.00
2015.11.18 10:10:46.748,2.14143,2.14182,2.25,1.00
2015.11.18 10:10:47.253,2.14147,2.14182,1.00,1.12
2015.11.18 10:10:47.303,2.14143,2.14182,1.50,1.12
2015.11.18 10:10:50.163,2.14147,2.14182,1.00,1.12
2015.11.18 10:10:50.514,2.1415,2.14189,1.00,1.75
2015.11.18 10:10:51.018,2.14149,2.14188,1.50,1.75
2015.11.18 10:10:52.248,2.14146,2.14188,1.50,1.75
2015.11.18 10:10:52.399,2.14149,2.14188,1.00,1.75
2015.11.18 10:10:52.501,2.14146,2.14189,1.50,1.75
2015.11.18 10:10:54.114,2.14149,2.14189,1.00,1.75
2015.11.18 10:10:54.473,2.14151,2.14188,1.00,1.75
2015.11.18 10:10:56.450,2.1415,2.14189,1.00,1.75
2015.11.18 10:10:57.419,2.14147,2.14189,1.00,1.75
2015.11.18 10:11:00.947,2.14146,2.14183,1.00,1.50
2015.11.18 10:11:00.998,2.14144,2.14183,1.00,1.50
2015.11.18 10:11:01.250,2.14144,2.14178,1.00,1.00
2015.11.18 10:11:01.301,2.14139,2.14178,1.50,1.00
2015.11.18 10:11:01.402,2.14134,2.14171,1.75,1.00
2015.11.18 10:11:01.553,2.14125,2.14166,1.00,1.50
2015.11.18 10:11:02.067,2.14121,2.14167,2.25,3.00
2015.11.18 10:11:02.486,2.14131,2.14166,1.12,1.50
2015.11.18 10:11:02.587,2.14136,2.14178,1.00,1.50
2015.11.18 10:11:02.688,2.1414,2.14178,1.00,1.50
2015.11.18 10:11:03.186,2.14137,2.14178,1.00,1.50
2015.11.18 10:11:05.802,2.14139,2.14178,1.00,1.50
2015.11.18 10:11:06.113,2.1414,2.14178,1.37,1.00
2015.11.18 10:11:07.758,2.1414,2.14183,1.37,1.75
2015.11.18 10:11:08.266,2.14142,2.14185,1.00,1.75
2015.11.18 10:11:08.571,2.14138,2.14179,1.87,1.37
2015.11.18 10:11:08.874,2.14138,2.14173,1.00,1.37
2015.11.18 10:11:08.925,2.14134,2.14171,1.00,1.00
2015.11.18 10:11:09.329,2.14132,2.14171,1.00,1.00
2015.11.18 10:11:09.528,2.14141,2.14171,1.00,1.00
2015.11.18 10:11:09.630,2.14141,2.14174,1.00,1.00
2015.11.18 10:11:10.135,2.14141,2.14173,1.00,1.00
2015.11.18 10:11:11.718,2.14139,2.14173,1.00,1.00
2015.11.18 10:11:12.462,2.14139,2.14174,1.00,1.00
2015.11.18 10:11:17.169,2.14139,2.14173,1.00,1.00
2015.11.18 10:11:18.004,2.14139,2.14174,1.00,1.00
2015.11.18 10:11:18.556,2.14148,2.14174,1.00,1.00
2015.11.18 10:11:18.708,2.14148,2.14183,1.12,1.00
2015.11.18 10:11:19.018,2.14145,2.14183,1.00,1.00
2015.11.18 10:11:20.675,2.14142,2.14183,1.00,1.50
2015.11.18 10:11:21.186,2.14141,2.14182,1.00,1.00
2015.11.18 10:11:21.529,2.14141,2.14178,1.00,1.00
2015.11.18 10:11:22.034,2.14141,2.14177,1.00,1.00
2015.11.18 10:11:22.584,2.1414,2.14176,1.00,1.00
2015.11.18 10:11:22.926,2.14142,2.14176,1.00,1.00
2015.11.18 10:11:25.230,2.14142,2.14174,1.00,1.00
2015.11.18 10:11:25.732,2.14141,2.14174,1.00,1.00
2015.11.18 10:11:26.062,2.14125,2.14166,1.00,1.75
2015.11.18 10:11:26.264,2.14129,2.14165,1.00,1.50
2015.11.18 10:11:26.315,2.14131,2.14169,1.12,1.37
2015.11.18 10:11:26.517,2.14137,2.14175,1.00,2.25
2015.11.18 10:11:26.833,2.14135,2.14175,1.00,1.75
2015.11.18 10:11:27.685,2.14133,2.14175,1.00,1.75
2015.11.18 10:11:28.302,2.14131,2.14175,1.12,1.75
2015.11.18 10:11:28.706,2.1413,2.14171,1.50,1.00
2015.11.18 10:11:29.007,2.14127,2.14164,1.37,1.00
2015.11.18 10:11:29.058,2.14125,2.14164,1.37,1.37
2015.11.18 10:11:29.210,2.14122,2.14155,1.00,1.00
2015.11.18 10:11:29.311,2.14116,2.14151,1.00,1.00
2015.11.18 10:11:29.362,2.14113,2.14151,1.00,1.00
2015.11.18 10:11:29.514,2.14113,2.14149,1.00,1.00
2015.11.18 10:11:29.564,2.1411,2.14149,1.00,1.00
2015.11.18 10:11:30.093,2.1411,2.1415,1.50,1.00
2015.11.18 10:11:36.295,2.14112,2.1415,1.00,1.00
2015.11.18 10:11:36.597,2.14115,2.14149,1.00,1.00
2015.11.18 10:11:37.146,2.14115,2.1415,1.00,1.00
2015.11.18 10:11:37.694,2.14115,2.14149,1.00,1.00
2015.11.18 10:11:39.419,2.14115,2.1415,1.00,1.00
2015.11.18 10:11:40.217,2.14115,2.14149,1.00,1.00
2015.11.18 10:11:41.160,2.14115,2.1415,1.00,1.00
2015.11.18 10:11:41.630,2.1412,2.14151,1.00,1.00
2015.11.18 10:11:41.781,2.14129,2.14166,1.00,1.50
2015.11.18 10:11:42.286,2.14128,2.14168,1.50,1.75
2015.11.18 10:11:45.626,2.1413,2.14167,1.00,1.75
2015.11.18 10:11:45.728,2.14128,2.14168,1.00,1.75
2015.11.18 10:11:45.830,2.14123,2.14164,1.00,1.75
2015.11.18 10:11:46.077,2.14113,2.14154,1.00,1.75
2015.11.18 10:11:46.582,2.14114,2.14154,1.00,1.75
2015.11.18 10:11:47.087,2.14113,2.14153,1.50,1.50
2015.11.18 10:11:49.015,2.14111,2.14153,1.00,1.50
2015.11.18 10:11:49.594,2.14115,2.14154,1.00,1.75
2015.11.18 10:11:50.001,2.14111,2.14154,1.50,1.75
2015.11.18 10:11:51.855,2.14111,2.14153,1.87,1.50
2015.11.18 10:11:51.906,2.14114,2.14153,1.00,1.50
2015.11.18 10:11:52.209,2.14122,2.14154,1.00,1.75
2015.11.18 10:11:52.865,2.1413,2.14153,1.00,1.50
2015.11.18 10:11:52.977,2.14119,2.14161,2.25,1.75
2015.11.18 10:11:53.028,2.14119,2.14161,2.25,1.75
2015.11.18 10:11:53.651,2.1412,2.1416,1.00,1.50
2015.11.18 10:11:53.903,2.14122,2.1416,1.00,1.50
2015.11.18 10:11:56.517,2.14126,2.1416,1.00,1.50
2015.11.18 10:11:56.770,2.14131,2.14164,1.00,1.00
2015.11.18 10:11:56.821,2.14133,2.14168,1.00,1.00
2015.11.18 10:11:56.872,2.14136,2.14168,1.00,1.00
2015.11.18 10:11:56.923,2.14136,2.1417,1.00,1.00
2015.11.18 10:11:57.024,2.14139,2.1417,1.00,1.00
2015.11.18 10:12:01.664,2.14137,2.1417,1.00,1.00
2015.11.18 10:12:01.967,2.14134,2.14169,1.00,1.00
2015.11.18 10:12:02.169,2.14134,2.14169,1.00,1.75
2015.11.18 10:12:02.320,2.14125,2.14161,1.00,1.00
2015.11.18 10:12:02.573,2.14123,2.14158,1.00,1.00
2015.11.18 10:12:04.301,2.14121,2.14156,1.00,1.00
2015.11.18 10:12:04.808,2.1412,2.14156,1.50,1.00
2015.11.18 10:12:05.010,2.14114,2.14152,1.50,1.00
2015.11.18 10:12:05.152,2.14115,2.14149,1.00,1.00
2015.11.18 10:12:05.505,2.14115,2.14152,1.50,1.00
2015.11.18 10:12:06.528,2.14118,2.14152,1.00,1.00
2015.11.18 10:12:06.679,2.1412,2.14156,1.00,1.00
2015.11.18 10:12:06.816,2.14122,2.14158,1.00,1.50
2015.11.18 10:12:09.581,2.14121,2.14158,1.00,1.50
2015.11.18 10:12:12.208,2.1412,2.14158,1.00,1.50
2015.11.18 10:12:12.512,2.14111,2.14147,1.00,1.37
2015.11.18 10:12:12.562,2.14109,2.14147,1.00,1.37
2015.11.18 10:12:12.764,2.14108,2.14143,1.50,1.00
2015.11.18 10:12:13.268,2.14109,2.14143,1.00,1.00
2015.11.18 10:12:13.370,2.1411,2.14146,1.00,1.12
2015.11.18 10:12:16.247,2.14108,2.14144,1.50,1.00
2015.11.18 10:12:16.577,2.14113,2.14148,1.00,1.50
2015.11.18 10:12:16.779,2.14103,2.1414,1.00,1.12
2015.11.18 10:12:16.830,2.14103,2.14135,1.00,1.00
2015.11.18 10:12:16.880,2.14099,2.14133,1.00,1.00
2015.11.18 10:12:16.982,2.14095,2.14133,1.00,1.12
2015.11.18 10:12:17.033,2.14093,2.1413,1.50,1.00
2015.11.18 10:12:21.992,2.14093,2.1413,1.75,1.00
2015.11.18 10:12:22.396,2.14096,2.14132,1.87,1.00
2015.11.18 10:12:23.479,2.14098,2.14132,1.00,1.00
2015.11.18 10:12:24.175,2.14098,2.14135,1.50,1.00
2015.11.18 10:12:24.775,2.14098,2.14133,1.00,1.00
2015.11.18 10:12:27.229,2.14102,2.14133,1.00,1.00
2015.11.18 10:12:27.584,2.14102,2.14137,1.00,1.12
2015.11.18 10:12:29.342,2.14103,2.1414,1.00,1.75
2015.11.18 10:12:30.040,2.14104,2.1414,1.00,1.75
2015.11.18 10:12:30.962,2.14103,2.1414,1.00,1.75
2015.11.18 10:12:31.063,2.141,2.14133,1.00,1.00
2015.11.18 10:12:31.265,2.14096,2.14133,1.37,1.00
2015.11.18 10:12:31.366,2.14094,2.14131,1.75,1.00
2015.11.18 10:12:36.972,2.14094,2.14131,1.50,2.25
2015.11.18 10:12:37.279,2.14094,2.14127,1.50,1.00
2015.11.18 10:12:37.582,2.14094,2.14117,1.00,1.75
2015.11.18 10:12:37.633,2.14094,2.14117,1.00,1.00
2015.11.18 10:12:37.684,2.14094,2.1412,1.00,2.25
2015.11.18 10:12:37.785,2.14093,2.14122,1.00,1.00
2015.11.18 10:12:37.887,2.14097,2.14131,1.00,1.75
2015.11.18 10:12:37.938,2.14097,2.14131,1.00,1.12
2015.11.18 10:12:38.442,2.14097,2.1413,1.00,1.00
2015.11.18 10:12:38.958,2.14093,2.1413,1.00,1.00
2015.11.18 10:12:40.182,2.14093,2.14131,1.00,1.12
2015.11.18 10:12:41.172,2.14094,2.14131,1.00,1.12
2015.11.18 10:12:41.614,2.14092,2.14131,1.50,1.12
2015.11.18 10:12:42.081,2.14094,2.1413,1.00,1.00
2015.11.18 10:12:43.645,2.14094,2.1413,1.00,1.75
2015.11.18 10:12:44.152,2.14093,2.14128,1.50,1.75
2015.11.18 10:12:45.807,2.14095,2.1412,1.00,1.12
2015.11.18 10:12:46.110,2.14094,2.14111,1.00,1.00
2015.11.18 10:12:46.653,2.14095,2.14111,1.00,1.00
2015.11.18 10:12:46.855,2.14095,2.14116,1.00,1.00
2015.11.18 10:12:47.007,2.14094,2.14121,1.00,1.00
2015.11.18 10:12:47.814,2.14094,2.14116,1.00,1.00
2015.11.18 10:12:48.116,2.14094,2.14116,1.00,1.75
2015.11.18 10:12:48.470,2.14092,2.14125,1.00,1.50
2015.11.18 10:12:48.521,2.14091,2.14131,1.37,1.37
2015.11.18 10:12:48.572,2.14099,2.14132,1.00,1.50
2015.11.18 10:12:48.673,2.14101,2.14134,1.00,1.75
2015.11.18 10:12:51.285,2.141,2.14131,1.00,1.12
2015.11.18 10:12:52.481,2.141,2.14136,1.00,1.00
2015.11.18 10:12:54.261,2.14104,2.14136,1.12,1.50
2015.11.18 10:12:54.413,2.14104,2.14139,1.87,1.00
2015.11.18 10:12:54.464,2.14105,2.14143,1.00,1.12
2015.11.18 10:12:54.515,2.14105,2.1414,1.00,1.00
2015.11.18 10:12:55.111,2.14104,2.14139,1.12,1.00
2015.11.18 10:12:56.703,2.14105,2.14139,1.00,1.00
2015.11.18 10:12:57.006,2.14111,2.14143,1.12,1.00
2015.11.18 10:12:57.057,2.14113,2.1415,1.00,1.50
2015.11.18 10:12:57.562,2.14113,2.1415,1.87,1.00
2015.11.18 10:12:58.871,2.14113,2.1415,1.00,1.50
2015.11.18 10:12:58.922,2.14113,2.14148,1.00,1.00
2015.11.18 10:12:58.973,2.1411,2.14147,1.00,1.00
2015.11.18 10:12:59.175,2.1411,2.14143,1.00,1.00
2015.11.18 10:12:59.524,2.14121,2.14155,1.12,1.00
2015.11.18 10:12:59.575,2.14124,2.14161,1.00,2.25
2015.11.18 10:13:01.530,2.14121,2.14159,1.12,1.00
2015.11.18 10:13:01.632,2.14123,2.14159,1.00,1.00
2015.11.18 10:13:02.278,2.14126,2.14161,1.00,1.50
2015.11.18 10:13:03.328,2.14123,2.14159,1.50,1.00
2015.11.18 10:13:03.682,2.14121,2.14158,1.12,1.00
2015.11.18 10:13:06.052,2.14123,2.14159,1.00,1.00
2015.11.18 10:13:07.330,2.14124,2.14159,1.00,1.00
2015.11.18 10:13:07.912,2.14123,2.14159,1.00,1.00
2015.11.18 10:13:08.216,2.14121,2.14157,1.12,1.00
2015.11.18 10:13:10.063,2.14119,2.14154,2.25,1.00
2015.11.18 10:13:10.777,2.14124,2.14157,1.00,1.00
2015.11.18 10:13:11.166,2.14121,2.14144,1.00,1.00
2015.11.18 10:13:11.217,2.14113,2.14148,1.00,1.00
2015.11.18 10:13:11.369,2.14113,2.14145,1.00,1.00
2015.11.18 10:13:11.520,2.14113,2.14149,1.00,1.50
2015.11.18 10:13:12.996,2.14111,2.14149,1.00,1.50
2015.11.18 10:13:14.057,2.14115,2.14149,1.00,1.00
2015.11.18 10:13:16.074,2.14112,2.14147,1.00,1.00
2015.11.18 10:13:16.917,2.14112,2.14145,1.00,1.00
2015.11.18 10:13:16.968,2.14109,2.14144,1.00,1.00
2015.11.18 10:13:17.019,2.14099,2.14136,1.50,1.00
2015.11.18 10:13:17.326,2.14102,2.14139,1.00,2.25
2015.11.18 10:13:17.690,2.14104,2.14138,1.00,1.12
2015.11.18 10:13:17.924,2.14101,2.14136,1.00,1.00
2015.11.18 10:13:18.280,2.14101,2.14138,1.50,1.12
2015.11.18 10:13:19.706,2.141,2.14135,1.00,1.00
2015.11.18 10:13:19.757,2.14097,2.14134,2.25,1.00
2015.11.18 10:13:20.181,2.14097,2.1413,1.00,1.00
2015.11.18 10:13:20.580,2.14094,2.1413,1.12,1.00
2015.11.18 10:13:20.681,2.14096,2.14132,1.00,1.00
2015.11.18 10:13:20.985,2.14094,2.14126,1.87,1.00
2015.11.18 10:13:21.532,2.14095,2.14123,1.00,1.00
2015.11.18 10:13:24.605,2.14095,2.1412,1.00,1.00
2015.11.18 10:13:25.726,2.14095,2.14123,1.00,1.00
2015.11.18 10:13:28.251,2.14095,2.14119,1.00,1.00
2015.11.18 10:13:28.603,2.14093,2.14125,1.00,1.00
2015.11.18 10:13:28.805,2.14095,2.14123,1.00,1.00
2015.11.18 10:13:29.395,2.14094,2.14125,1.00,1.00
2015.11.18 10:13:29.900,2.14099,2.14125,1.00,1.00
2015.11.18 10:13:30.203,2.14095,2.14121,1.00,1.00
2015.11.18 10:13:30.506,2.14094,2.14119,1.00,1.00
2015.11.18 10:13:31.053,2.14096,2.14116,1.00,1.00
2015.11.18 10:13:31.359,2.14095,2.14114,1.00,1.00
2015.11.18 10:13:31.611,2.14095,2.14116,1.00,1.00
2015.11.18 10:13:33.775,2.14094,2.14119,1.00,1.00
2015.11.18 10:13:35.518,2.14096,2.14116,1.00,1.00
2015.11.18 10:13:36.559,2.14095,2.14113,1.00,1.00
2015.11.18 10:13:37.458,2.14096,2.14114,1.00,1.00
2015.11.18 10:13:37.509,2.14096,2.14116,1.00,1.00
2015.11.18 10:13:37.560,2.14095,2.1412,1.00,1.00
2015.11.18 10:13:37.711,2.14094,2.14125,1.00,1.00
2015.11.18 10:13:37.977,2.14094,2.14128,1.00,1.12
2015.11.18 10:13:38.078,2.14094,2.14124,1.00,1.00
2015.11.18 10:13:43.159,2.14094,2.14123,1.00,1.00
2015.11.18 10:13:47.925,2.14094,2.1412,1.00,1.00
2015.11.18 10:13:48.470,2.14094,2.14123,1.00,1.00
2015.11.18 10:13:49.598,2.14094,2.14126,1.00,1.00
2015.11.18 10:13:49.652,2.14094,2.14129,1.00,1.50
2015.11.18 10:13:49.702,2.14096,2.14132,1.00,2.25
2015.11.18 10:13:49.804,2.14093,2.1413,1.00,1.75
2015.11.18 10:13:50.007,2.14094,2.14126,1.00,1.00
2015.11.18 10:13:50.260,2.14093,2.1413,1.00,1.75
2015.11.18 10:13:50.638,2.14094,2.14126,1.00,1.00
2015.11.18 10:13:53.900,2.14094,2.14124,1.00,1.00
2015.11.18 10:13:59.723,2.14094,2.14127,1.00,1.00
2015.11.18 10:14:00.261,2.14093,2.14125,1.00,1.00
2015.11.18 10:14:00.564,2.14094,2.14122,1.00,1.00
2015.11.18 10:14:05.095,2.14094,2.14122,1.00,1.37
2015.11.18 10:14:05.817,2.14094,2.14117,1.00,1.00
2015.11.18 10:14:05.919,2.14094,2.1412,1.00,1.00
2015.11.18 10:14:07.354,2.14094,2.14122,1.00,1.37
2015.11.18 10:14:08.160,2.14094,2.14119,1.00,1.00
2015.11.18 10:14:10.922,2.14094,2.14119,1.00,1.37
2015.11.18 10:14:11.426,2.14095,2.14118,1.00,2.25
2015.11.18 10:14:11.729,2.14095,2.14118,1.00,1.00
2015.11.18 10:14:12.278,2.14095,2.14119,1.00,1.00
2015.11.18 10:14:25.773,2.14095,2.14121,1.00,1.50
2015.11.18 10:14:27.169,2.14094,2.14125,1.00,1.00
2015.11.18 10:14:30.289,2.14096,2.14125,1.00,1.00
2015.11.18 10:14:30.340,2.14104,2.14135,1.00,1.00
2015.11.18 10:14:30.391,2.14107,2.14135,1.00,1.00
2015.11.18 10:14:30.542,2.1411,2.14146,1.00,1.50
2015.11.18 10:14:30.593,2.14113,2.14146,1.00,1.00
2015.11.18 10:14:31.344,2.14111,2.14146,1.00,1.00
2015.11.18 10:14:31.648,2.14106,2.14143,1.00,1.00
2015.11.18 10:14:31.699,2.14106,2.14143,1.00,2.62
2015.11.18 10:14:31.901,2.14094,2.14129,1.50,1.00
2015.11.18 10:14:31.952,2.14094,2.14126,1.50,1.00
2015.11.18 10:14:32.251,2.14094,2.14129,1.50,1.00
2015.11.18 10:14:32.302,2.14095,2.14132,1.00,2.25
2015.11.18 10:14:32.454,2.14097,2.14133,1.00,1.75
2015.11.18 10:14:32.757,2.14103,2.14132,1.00,1.00
2015.11.18 10:14:33.326,2.14104,2.14135,1.00,1.00
2015.11.18 10:14:33.855,2.14104,2.14136,1.00,1.00
2015.11.18 10:14:34.959,2.141,2.14136,1.87,1.00
2015.11.18 10:14:35.162,2.14103,2.14136,1.00,1.00
2015.11.18 10:14:35.464,2.14107,2.14141,1.00,1.50
2015.11.18 10:14:35.868,2.14104,2.1414,1.00,1.12
2015.11.18 10:14:39.676,2.14103,2.1414,1.00,1.12
2015.11.18 10:14:43.346,2.14103,2.14136,1.00,1.00
2015.11.18 10:14:44.387,2.14103,2.1414,1.00,1.12
2015.11.18 10:14:48.699,2.14102,2.1414,1.50,1.12
2015.11.18 10:14:48.800,2.14102,2.14137,1.00,1.00
2015.11.18 10:14:49.605,2.14103,2.14138,1.00,1.00
2015.11.18 10:14:50.790,2.14105,2.14141,1.00,1.50
2015.11.18 10:14:50.841,2.14103,2.14139,1.50,1.00
2015.11.18 10:14:50.942,2.14105,2.14142,1.00,1.75
2015.11.18 10:14:51.144,2.14103,2.14139,1.50,1.00
2015.11.18 10:14:51.662,2.14104,2.14139,1.00,1.00
2015.11.18 10:14:52.743,2.14103,2.14139,1.50,1.00
2015.11.18 10:14:53.458,2.14104,2.14139,1.00,1.00
2015.11.18 10:14:53.861,2.14105,2.14142,1.12,1.00
2015.11.18 10:14:53.912,2.1411,2.14147,1.12,1.37
2015.11.18 10:14:54.252,2.14113,2.14149,1.00,1.00
2015.11.18 10:14:54.562,2.1411,2.14146,1.12,1.00
2015.11.18 10:14:55.748,2.14113,2.14148,1.00,1.00
2015.11.18 10:14:56.807,2.14114,2.14148,1.00,1.00
2015.11.18 10:14:56.908,2.14114,2.14152,1.50,1.12
2015.11.18 10:14:57.110,2.14114,2.14152,2.25,1.00
2015.11.18 10:14:57.354,2.14117,2.14155,1.12,1.00
2015.11.18 10:14:57.574,2.14115,2.14152,2.25,1.00
2015.11.18 10:14:58.129,2.14119,2.14154,1.00,1.00
2015.11.18 10:14:58.731,2.14114,2.14152,1.75,1.00
2015.11.18 10:14:59.035,2.14112,2.14147,1.00,1.00
2015.11.18 10:14:59.589,2.14111,2.14146,1.50,1.00
2015.11.18 10:15:02.008,2.14113,2.14146,1.00,1.00
2015.11.18 10:15:02.160,2.14113,2.14149,1.75,1.00
2015.11.18 10:15:02.261,2.14115,2.14151,1.12,1.00
2015.11.18 10:15:02.779,2.14116,2.14151,1.00,1.00
2015.11.18 10:15:03.385,2.14116,2.14148,1.00,1.00
2015.11.18 10:15:03.890,2.14115,2.14148,1.87,1.00
2015.11.18 10:15:04.437,2.14116,2.14148,1.00,1.00
2015.11.18 10:15:04.970,2.14115,2.14148,1.87,1.00
2015.11.18 10:15:05.495,2.14116,2.14148,1.00,1.00
2015.11.18 10:15:05.996,2.14115,2.14148,1.12,1.00
2015.11.18 10:15:09.239,2.14114,2.14152,1.50,1.00
2015.11.18 10:15:09.340,2.14113,2.14148,1.75,1.00
2015.11.18 10:15:09.542,2.1411,2.14145,1.00,1.00
2015.11.18 10:15:09.593,2.14107,2.14141,1.12,1.00
2015.11.18 10:15:09.826,2.14103,2.14138,1.00,1.50
2015.11.18 10:15:10.334,2.14102,2.14138,1.00,1.50
2015.11.18 10:15:10.609,2.14106,2.14138,1.00,1.00
2015.11.18 10:15:10.710,2.14109,2.14142,1.00,1.00
2015.11.18 10:15:10.761,2.14109,2.14144,1.12,1.00
2015.11.18 10:15:10.955,2.1411,2.14146,1.00,1.00
2015.11.18 10:15:11.006,2.14113,2.14146,1.00,1.00
2015.11.18 10:15:11.309,2.14115,2.1415,1.00,1.00
2015.11.18 10:15:12.445,2.14117,2.14153,1.00,1.00
2015.11.18 10:15:12.698,2.14124,2.14158,1.00,1.00
2015.11.18 10:15:13.001,2.14121,2.14156,1.12,1.00
2015.11.18 10:15:13.102,2.14123,2.14159,1.00,1.00
2015.11.18 10:15:13.204,2.14129,2.14164,1.00,2.25
2015.11.18 10:15:13.711,2.14128,2.14164,1.00,1.50
2015.11.18 10:15:13.963,2.14129,2.14166,1.00,1.00
2015.11.18 10:15:14.267,2.14128,2.14164,1.12,1.00
2015.11.18 10:15:15.179,2.14128,2.14166,1.87,1.00
2015.11.18 10:15:17.087,2.14132,2.14167,1.37,1.00
2015.11.18 10:15:17.423,2.14147,2.14183,1.00,2.25
2015.11.18 10:15:17.525,2.14144,2.14181,1.37,1.00
2015.11.18 10:15:17.879,2.14146,2.14183,1.00,1.50
2015.11.18 10:15:18.031,2.14144,2.1418,1.37,1.00
2015.11.18 10:15:19.471,2.14143,2.1418,1.12,1.37
2015.11.18 10:15:19.522,2.14135,2.14173,2.25,1.00
2015.11.18 10:15:19.573,2.14135,2.14173,1.37,1.37
2015.11.18 10:15:19.674,2.14131,2.14173,1.37,1.37
2015.11.18 10:15:19.725,2.14131,2.1417,1.37,1.00
2015.11.18 10:15:20.034,2.14129,2.14168,1.75,1.00
2015.11.18 10:15:20.588,2.1413,2.14167,1.50,1.00
2015.11.18 10:15:20.740,2.1412,2.14156,1.00,1.00
2015.11.18 10:15:20.841,2.14114,2.14151,1.50,1.00
2015.11.18 10:15:21.094,2.1412,2.14157,1.50,1.87
2015.11.18 10:15:21.271,2.14122,2.14156,1.00,1.00
2015.11.18 10:15:21.372,2.14123,2.14159,1.00,1.37
2015.11.18 10:15:21.473,2.14127,2.14162,1.00,1.37
2015.11.18 10:15:21.777,2.14131,2.14164,1.00,1.00
2015.11.18 10:15:21.980,2.14134,2.1417,1.50,1.75
2015.11.18 10:15:23.096,2.14133,2.14169,1.00,1.50
2015.11.18 10:15:23.431,2.14135,2.14174,1.00,1.75
2015.11.18 10:15:23.593,2.14135,2.14173,1.00,1.00
2015.11.18 10:15:23.695,2.1414,2.14182,1.00,2.25
2015.11.18 10:15:23.746,2.1414,2.1418,1.00,1.00
2015.11.18 10:15:23.797,2.14144,2.1418,1.00,1.00
2015.11.18 10:15:23.898,2.14142,2.1418,1.00,1.00
2015.11.18 10:15:24.434,2.14141,2.1418,1.00,1.00
2015.11.18 10:15:26.604,2.14141,2.14179,1.00,1.00
2015.11.18 10:15:26.756,2.14139,2.14177,1.00,1.00
2015.11.18 10:15:27.060,2.14138,2.14173,1.00,1.00
2015.11.18 10:15:27.312,2.14138,2.14176,1.00,1.00
2015.11.18 10:15:27.590,2.14139,2.14178,1.00,1.00
2015.11.18 10:15:27.843,2.14141,2.14178,1.00,1.00
2015.11.18 10:15:28.203,2.14143,2.14178,1.00,1.00
2015.11.18 10:15:29.156,2.14141,2.14178,1.00,1.00
2015.11.18 10:15:29.700,2.14141,2.14177,1.00,1.00
2015.11.18 10:15:31.270,2.14141,2.14173,1.00,1.00
2015.11.18 10:15:31.371,2.14139,2.14173,1.00,1.12
2015.11.18 10:15:31.472,2.14139,2.1417,1.00,1.00
2015.11.18 10:15:31.674,2.14125,2.14163,1.00,1.50
2015.11.18 10:15:31.815,2.14124,2.14161,1.37,1.87
2015.11.18 10:15:31.916,2.14121,2.14158,1.00,1.00
2015.11.18 10:15:32.017,2.14121,2.14155,1.00,1.00
2015.11.18 10:15:32.169,2.14118,2.14154,1.50,1.00
2015.11.18 10:15:32.674,2.14118,2.14155,1.50,1.00
2015.11.18 10:15:33.418,2.14118,2.14155,1.12,1.12
2015.11.18 10:15:33.573,2.14118,2.14152,1.00,1.00
2015.11.18 10:15:34.075,2.14119,2.14152,1.00,1.00
2015.11.18 10:15:36.232,2.14121,2.14152,1.00,1.00
2015.11.18 10:15:39.095,2.14118,2.14152,1.00,1.00
2015.11.18 10:15:39.246,2.14118,2.1415,1.00,1.00
2015.11.18 10:15:39.297,2.14114,2.1415,1.00,1.00
2015.11.18 10:15:39.499,2.14114,2.1415,1.00,2.25
2015.11.18 10:15:40.090,2.14114,2.14147,1.00,1.00
2015.11.18 10:15:40.597,2.14114,2.14148,1.00,1.12
2015.11.18 10:15:41.188,2.14118,2.14149,1.00,1.37
2015.11.18 10:15:41.289,2.14118,2.14152,1.00,1.12
2015.11.18 10:15:41.441,2.14118,2.14149,1.00,1.00
2015.11.18 10:15:41.542,2.14118,2.14151,1.00,1.00
2015.11.18 10:15:41.593,2.14121,2.14151,1.00,1.00
2015.11.18 10:15:41.846,2.14119,2.14154,1.00,1.00
2015.11.18 10:15:42.447,2.14119,2.14151,1.00,1.00
2015.11.18 10:15:42.599,2.14112,2.14147,1.12,1.00
2015.11.18 10:15:42.906,2.14111,2.14149,2.62,1.00
2015.11.18 10:15:43.109,2.14116,2.14149,1.00,1.00
2015.11.18 10:15:43.617,2.14116,2.1415,1.00,1.00
2015.11.18 10:15:43.900,2.14117,2.14152,1.00,1.00
2015.11.18 10:15:44.102,2.1412,2.14156,1.00,1.00
2015.11.18 10:15:44.203,2.1412,2.14158,1.00,1.50
2015.11.18 10:15:44.304,2.1412,2.14158,1.37,1.12
2015.11.18 10:15:44.606,2.14123,2.14156,1.00,1.00
2015.11.18 10:15:46.562,2.14123,2.14157,1.00,1.00
2015.11.18 10:15:47.525,2.14125,2.14157,1.00,1.00
2015.11.18 10:15:47.677,2.14125,2.1416,1.00,1.00
2015.11.18 10:15:48.411,2.14128,2.1416,1.00,1.00
2015.11.18 10:15:48.512,2.14128,2.14164,1.00,1.00
2015.11.18 10:15:48.815,2.14128,2.14161,1.00,1.00
2015.11.18 10:15:50.635,2.14129,2.14161,1.00,1.00
2015.11.18 10:15:51.039,2.14133,2.14163,1.00,1.00
2015.11.18 10:15:51.496,2.14133,2.14161,1.00,1.00
2015.11.18 10:15:53.900,2.14124,2.14161,1.37,1.00
2015.11.18 10:15:54.001,2.14123,2.14157,1.50,1.00
2015.11.18 10:15:54.102,2.14123,2.14154,1.50,1.00
2015.11.18 10:15:54.203,2.14123,2.14158,1.00,1.00
2015.11.18 10:15:54.305,2.14123,2.14153,1.00,1.00
2015.11.18 10:15:54.755,2.14123,2.14156,1.00,1.00
2015.11.18 10:15:55.361,2.14123,2.14153,1.00,1.00
2015.11.18 10:15:55.563,2.14123,2.14157,1.00,1.00
2015.11.18 10:15:55.714,2.14123,2.14155,1.50,1.00
2015.11.18 10:15:55.815,2.14123,2.14158,1.50,1.00
2015.11.18 10:15:55.916,2.14123,2.14155,1.50,1.00
2015.11.18 10:15:56.365,2.14125,2.14155,1.00,1.00
2015.11.18 10:15:56.668,2.14128,2.14155,1.00,1.00
2015.11.18 10:15:57.401,2.14128,2.14158,1.00,1.00
2015.11.18 10:15:57.704,2.14128,2.14162,1.00,1.00
2015.11.18 10:15:58.629,2.14131,2.14162,1.00,1.00
2015.11.18 10:15:59.378,2.14131,2.14165,1.00,1.50
2015.11.18 10:15:59.480,2.14131,2.14162,1.00,1.00
2015.11.18 10:15:59.530,2.14131,2.14165,1.00,1.50
2015.11.18 10:15:59.909,2.14131,2.14162,1.00,1.00
2015.11.18 10:16:00.946,2.14129,2.14162,1.00,1.00
2015.11.18 10:16:01.591,2.14129,2.14165,1.50,1.50
2015.11.18 10:16:01.945,2.14129,2.14163,1.00,1.00
2015.11.18 10:16:02.513,2.14129,2.14163,1.75,1.00
2015.11.18 10:16:03.453,2.14128,2.14159,1.75,1.00
2015.11.18 10:16:03.554,2.14126,2.14159,1.00,1.00
2015.11.18 10:16:03.913,2.14124,2.14159,1.12,1.00
2015.11.18 10:16:04.299,2.14122,2.14157,1.50,1.00
2015.11.18 10:16:05.011,2.14122,2.14152,1.37,1.00
2015.11.18 10:16:05.062,2.14122,2.14152,1.00,1.00
2015.11.18 10:16:05.213,2.14116,2.14149,1.37,1.00
2015.11.18 10:16:05.366,2.14116,2.14146,1.37,1.00
2015.11.18 10:16:05.417,2.14116,2.14149,1.37,1.00
2015.11.18 10:16:05.569,2.14119,2.14149,1.00,1.00
2015.11.18 10:16:05.872,2.14121,2.14149,1.00,1.00
2015.11.18 10:16:06.175,2.1412,2.14151,1.00,1.00
2015.11.18 10:16:07.468,2.1412,2.14149,1.00,1.00
2015.11.18 10:16:10.307,2.14121,2.14149,1.00,1.00
2015.11.18 10:16:11.078,2.1412,2.14149,1.00,1.00
2015.11.18 10:16:11.230,2.1412,2.14153,1.00,1.00
2015.11.18 10:16:11.281,2.1412,2.14153,1.37,1.00
2015.11.18 10:16:12.498,2.1412,2.14154,1.75,1.00
2015.11.18 10:16:13.409,2.14126,2.14154,1.00,1.00
2015.11.18 10:16:13.863,2.14126,2.14158,1.00,1.00
2015.11.18 10:16:14.014,2.14126,2.14156,1.00,1.00
2015.11.18 10:16:14.116,2.14126,2.1416,1.00,1.00
2015.11.18 10:16:14.166,2.1413,2.14164,1.87,1.37
2015.11.18 10:16:14.501,2.14136,2.1417,1.50,1.00
2015.11.18 10:16:14.956,2.14134,2.14163,1.75,1.00
2015.11.18 10:16:15.331,2.14128,2.14161,1.75,1.00
2015.11.18 10:16:16.159,2.14125,2.14157,1.95,1.00
2015.11.18 10:16:16.210,2.14126,2.14157,1.00,1.00
2015.11.18 10:16:16.261,2.14119,2.14151,1.87,1.00
2015.11.18 10:16:16.312,2.14119,2.14151,1.50,1.00
2015.11.18 10:16:16.413,2.14116,2.14148,2.25,1.00
2015.11.18 10:16:17.013,2.1412,2.14148,1.00,1.00
2015.11.18 10:16:17.665,2.1412,2.14151,1.00,1.00
2015.11.18 10:16:20.775,2.14118,2.14151,1.12,1.00
2015.11.18 10:16:22.481,2.14116,2.1415,2.25,1.00
2015.11.18 10:16:22.935,2.14116,2.1415,1.00,1.00
2015.11.18 10:16:24.477,2.14112,2.1415,2.25,1.00
2015.11.18 10:16:25.614,2.14112,2.14147,1.50,1.00
2015.11.18 10:16:27.164,2.14113,2.14147,1.00,1.00
2015.11.18 10:16:29.658,2.14112,2.14147,1.00,1.00
2015.11.18 10:16:29.970,2.14112,2.14142,1.00,1.00
2015.11.18 10:16:30.777,2.14113,2.14145,1.00,1.00
2015.11.18 10:16:33.739,2.14112,2.14145,1.00,1.00
2015.11.18 10:16:38.668,2.14111,2.14145,1.00,1.00
2015.11.18 10:16:38.921,2.14108,2.14145,1.50,1.00
2015.11.18 10:16:38.972,2.14108,2.1414,1.50,1.00
2015.11.18 10:16:39.074,2.14102,2.14135,1.50,1.00
2015.11.18 10:16:39.578,2.14102,2.14134,1.00,1.00
2015.11.18 10:16:39.967,2.14097,2.14134,1.50,1.00
2015.11.18 10:16:41.254,2.14096,2.14131,2.25,1.00
2015.11.18 10:16:41.557,2.14096,2.14128,1.75,1.00
2015.11.18 10:16:45.261,2.14096,2.14128,1.37,1.00
2015.11.18 10:16:45.563,2.14095,2.14128,1.00,1.00
2015.11.18 10:16:46.747,2.14095,2.14129,1.00,1.00
2015.11.18 10:16:46.798,2.14096,2.14132,1.00,1.00
2015.11.18 10:16:46.899,2.14097,2.14132,1.75,1.00
2015.11.18 10:16:47.101,2.14103,2.14137,1.00,1.00
2015.11.18 10:16:47.151,2.14106,2.14137,1.00,1.00
2015.11.18 10:16:47.202,2.14106,2.14139,1.00,1.00
2015.11.18 10:16:47.253,2.14112,2.14139,1.00,1.00
2015.11.18 10:16:47.304,2.14112,2.14142,1.00,1.00
2015.11.18 10:16:47.405,2.14112,2.14144,1.00,1.00
2015.11.18 10:16:47.506,2.14114,2.14144,1.00,1.00
2015.11.18 10:16:48.018,2.14113,2.14144,1.00,1.00
2015.11.18 10:16:50.238,2.14112,2.14144,1.50,1.00
2015.11.18 10:16:51.276,2.14112,2.14148,1.00,1.00
2015.11.18 10:16:51.326,2.14115,2.14148,1.00,1.00
2015.11.18 10:16:51.630,2.14113,2.14134,1.50,1.00
2015.11.18 10:16:51.816,2.14091,2.14128,1.00,1.50
2015.11.18 10:16:51.867,2.14095,2.1412,1.00,1.00
2015.11.18 10:16:52.171,2.14095,2.14118,1.00,1.00
2015.11.18 10:16:52.778,2.14095,2.14122,1.00,1.00
2015.11.18 10:16:54.495,2.14094,2.14125,1.00,1.00
2015.11.18 10:16:54.899,2.14094,2.14123,1.00,1.00
2015.11.18 10:16:55.225,2.14095,2.14119,1.00,1.00
2015.11.18 10:17:02.333,2.14094,2.14124,1.00,1.00
2015.11.18 10:17:02.876,2.14093,2.14127,1.00,1.75
2015.11.18 10:17:03.403,2.14094,2.14124,1.00,1.00
2015.11.18 10:17:03.857,2.14095,2.14119,1.00,1.00
2015.11.18 10:17:04.722,2.14094,2.14124,1.00,1.00
2015.11.18 10:17:06.280,2.14094,2.14121,1.00,1.00
2015.11.18 10:17:07.517,2.14094,2.14123,1.00,1.00
2015.11.18 10:17:14.235,2.14094,2.14127,1.00,1.00
2015.11.18 10:17:14.336,2.14099,2.14127,1.37,1.00
2015.11.18 10:17:14.437,2.14099,2.1413,1.37,1.00
2015.11.18 10:17:14.841,2.14099,2.14133,1.87,1.00
2015.11.18 10:17:15.487,2.14098,2.14131,2.25,1.00
2015.11.18 10:17:17.304,2.14099,2.14133,1.37,1.00
2015.11.18 10:17:18.428,2.14098,2.14131,1.50,1.00
2015.11.18 10:17:18.977,2.14099,2.14135,1.00,1.00
2015.11.18 10:17:19.028,2.14094,2.14128,1.12,1.00
2015.11.18 10:17:19.533,2.14093,2.14127,1.00,1.00
2015.11.18 10:17:19.836,2.14095,2.14123,1.00,1.00
2015.11.18 10:17:20.900,2.14094,2.14121,1.00,1.00
2015.11.18 10:17:21.860,2.14094,2.1411,1.00,1.00
2015.11.18 10:17:21.962,2.14095,2.14116,1.00,1.00
2015.11.18 10:17:22.013,2.14095,2.14112,1.00,1.00
2015.11.18 10:17:22.632,2.14094,2.14118,1.00,3.00
2015.11.18 10:17:23.338,2.14096,2.14112,1.00,1.12
2015.11.18 10:17:23.671,2.14093,2.14097,1.00,1.00
2015.11.18 10:17:23.773,2.14078,2.14093,1.00,1.00
2015.11.18 10:17:24.025,2.14076,2.1409,1.00,1.00
2015.11.18 10:17:24.328,2.14077,2.14092,1.00,1.00
2015.11.18 10:17:24.833,2.14078,2.14093,1.00,1.00
2015.11.18 10:17:25.903,2.14079,2.14093,1.00,1.00
2015.11.18 10:17:26.004,2.14078,2.14093,1.00,1.00
2015.11.18 10:17:26.488,2.14083,2.14093,1.00,1.00
2015.11.18 10:17:26.791,2.14096,2.14107,1.00,1.87
2015.11.18 10:17:29.048,2.14095,2.14103,1.00,1.00
2015.11.18 10:17:29.351,2.14092,2.14099,1.00,1.50
2015.11.18 10:17:29.402,2.14082,2.14094,1.00,1.00
2015.11.18 10:17:29.975,2.14082,2.14098,1.00,1.75
2015.11.18 10:17:30.980,2.14082,2.14098,1.00,1.50
2015.11.18 10:17:32.078,2.14082,2.14099,1.00,1.75
2015.11.18 10:17:32.180,2.14079,2.14099,1.00,1.75
2015.11.18 10:17:32.281,2.14079,2.14091,1.00,1.00
2015.11.18 10:17:32.830,2.14078,2.14091,1.00,1.00
2015.11.18 10:17:32.931,2.14078,2.14095,1.00,1.50
2015.11.18 10:17:32.982,2.14081,2.14095,1.50,1.50
2015.11.18 10:17:33.486,2.14081,2.14095,1.50,1.00
2015.11.18 10:17:34.787,2.14081,2.14099,1.00,1.37
2015.11.18 10:17:35.332,2.14082,2.14101,1.00,1.75
2015.11.18 10:17:35.497,2.14091,2.14101,1.00,1.75
2015.11.18 10:17:36.056,2.1409,2.14101,1.00,1.75
2015.11.18 10:17:41.916,2.14091,2.14103,1.00,1.87
2015.11.18 10:17:42.022,2.14082,2.14103,1.00,1.87
2015.11.18 10:17:42.073,2.14088,2.141,1.00,2.25
2015.11.18 10:17:42.376,2.14078,2.14094,1.00,1.75
2015.11.18 10:17:42.427,2.14081,2.14094,1.00,1.75
2015.11.18 10:17:42.528,2.14078,2.14094,1.00,1.75
2015.11.18 10:17:43.845,2.14079,2.14094,1.00,1.75
2015.11.18 10:17:44.278,2.14077,2.14094,1.00,3.40
2015.11.18 10:17:44.482,2.1406,2.14083,1.00,1.37
2015.11.18 10:17:44.634,2.14053,2.14083,1.00,1.75
2015.11.18 10:17:44.936,2.1407,2.14087,1.00,1.75
2015.11.18 10:17:45.239,2.14053,2.14087,1.00,2.25
2015.11.18 10:17:45.290,2.14071,2.14087,1.00,2.25
2015.11.18 10:17:45.492,2.14062,2.14087,1.00,2.25
2015.11.18 10:17:45.543,2.14076,2.14087,1.00,2.25
2015.11.18 10:17:45.697,2.14071,2.14087,1.00,1.75
2015.11.18 10:17:45.799,2.14071,2.14087,1.00,2.25
2015.11.18 10:17:45.901,2.14073,2.14086,1.00,1.75
2015.11.18 10:17:46.052,2.14075,2.14086,1.00,1.75
2015.11.18 10:17:46.154,2.14074,2.14088,1.00,3.00
2015.11.18 10:17:46.255,2.14075,2.14088,1.00,2.25
2015.11.18 10:17:46.407,2.14076,2.14087,1.00,1.75
2015.11.18 10:17:46.508,2.1407,2.14088,1.00,2.25
2015.11.18 10:17:46.609,2.14062,2.14088,1.00,2.25
2015.11.18 10:17:46.660,2.14075,2.14088,1.00,2.25
2015.11.18 10:17:47.013,2.14076,2.14087,1.00,1.75
2015.11.18 10:17:47.114,2.14075,2.14081,1.00,1.00
2015.11.18 10:17:47.474,2.14076,2.14088,1.00,2.25
2015.11.18 10:17:47.576,2.14058,2.14087,1.00,2.25
2015.11.18 10:17:47.626,2.14061,2.14087,1.00,2.25
2015.11.18 10:17:47.929,2.14076,2.14087,1.00,1.00
2015.11.18 10:17:48.232,2.1407,2.14087,1.07,1.00
2015.11.18 10:17:48.292,2.14078,2.14087,1.00,1.00
2015.11.18 10:17:48.696,2.14064,2.14087,1.00,1.00
2015.11.18 10:17:48.797,2.14079,2.14087,1.00,1.00
2015.11.18 10:17:49.094,2.14076,2.14087,1.00,1.00
2015.11.18 10:17:52.246,2.14078,2.14087,1.00,1.00
2015.11.18 10:17:52.347,2.14083,2.14087,1.00,1.00
2015.11.18 10:17:52.399,2.14082,2.14092,1.50,1.50
2015.11.18 10:17:52.450,2.14082,2.14092,1.50,1.50
2015.11.18 10:17:52.552,2.14081,2.14109,1.00,1.75
2015.11.18 10:17:52.653,2.14081,2.14109,1.00,1.87
2015.11.18 10:17:53.154,2.14081,2.14104,1.00,1.00
2015.11.18 10:17:53.698,2.1408,2.14104,1.50,1.45
2015.11.18 10:17:54.151,2.14094,2.14106,1.00,1.50
2015.11.18 10:17:55.395,2.14095,2.14111,1.00,1.75
2015.11.18 10:17:55.497,2.14093,2.14111,1.00,2.25
2015.11.18 10:17:56.293,2.14094,2.14108,1.00,2.25
2015.11.18 10:17:59.438,2.14094,2.14109,1.00,1.00
2015.11.18 10:17:59.740,2.14093,2.14122,1.00,1.00
2015.11.18 10:17:59.842,2.14094,2.14126,1.00,1.50
2015.11.18 10:17:59.892,2.14094,2.14123,1.00,1.00
2015.11.18 10:18:00.413,2.14093,2.14123,1.00,1.37
2015.11.18 10:18:00.717,2.14096,2.14123,1.00,1.37
2015.11.18 10:18:00.768,2.14096,2.14123,1.00,1.00
2015.11.18 10:18:00.919,2.14094,2.14123,1.00,1.00
2015.11.18 10:18:03.212,2.14094,2.1412,1.00,1.00
2015.11.18 10:18:03.821,2.14094,2.1412,1.00,1.37
2015.11.18 10:18:06.783,2.14093,2.14117,1.00,1.00
2015.11.18 10:18:07.087,2.14094,2.1411,1.00,1.75
2015.11.18 10:18:07.440,2.14095,2.14105,1.00,1.00
2015.11.18 10:18:07.743,2.14094,2.14106,1.00,1.75
2015.11.18 10:18:10.671,2.14094,2.14111,1.00,1.75
2015.11.18 10:18:11.807,2.14093,2.14112,1.00,1.75
2015.11.18 10:18:11.858,2.14093,2.14114,1.00,1.50
2015.11.18 10:18:12.010,2.14095,2.14114,1.00,1.50
2015.11.18 10:18:12.319,2.14094,2.14109,1.00,3.00
2015.11.18 10:18:12.673,2.14094,2.1411,1.00,1.00
2015.11.18 10:18:12.976,2.14094,2.14113,1.00,1.00
2015.11.18 10:18:13.178,2.14094,2.14116,1.00,1.50
2015.11.18 10:18:13.380,2.14094,2.14112,1.00,1.00
2015.11.18 10:18:15.406,2.14094,2.14113,1.00,1.00
2015.11.18 10:18:15.918,2.14094,2.14112,1.00,1.00
2015.11.18 10:18:16.419,2.14094,2.14113,1.00,1.00
2015.11.18 10:18:17.373,2.14094,2.14115,1.00,1.00
2015.11.18 10:18:17.778,2.14094,2.14118,1.00,1.00
2015.11.18 10:18:17.929,2.14094,2.14124,1.00,1.00
2015.11.18 10:18:18.133,2.14094,2.1413,1.00,1.00
2015.11.18 10:18:18.184,2.14097,2.1413,1.00,1.00
2015.11.18 10:18:18.487,2.14097,2.14127,1.00,1.00
2015.11.18 10:18:21.639,2.14097,2.14131,1.00,1.12
2015.11.18 10:18:22.972,2.14097,2.14132,1.00,1.87
2015.11.18 10:18:26.076,2.14097,2.14131,1.00,1.00
2015.11.18 10:18:28.055,2.14093,2.14131,1.00,1.50
2015.11.18 10:18:28.590,2.14093,2.14129,1.00,1.00
2015.11.18 10:18:29.549,2.14093,2.14131,1.00,1.50
2015.11.18 10:18:30.645,2.14093,2.14129,1.00,1.00
2015.11.18 10:18:30.746,2.14093,2.14131,1.00,1.50
2015.11.18 10:18:33.946,2.14093,2.14129,1.00,1.00
2015.11.18 10:18:36.034,2.14093,2.1413,1.00,1.00
2015.11.18 10:18:37.578,2.14093,2.14125,1.00,1.00
2015.11.18 10:18:37.901,2.14093,2.14122,1.00,2.25
2015.11.18 10:18:38.254,2.14094,2.14115,1.00,1.00
2015.11.18 10:18:38.457,2.14094,2.14118,1.00,1.00
2015.11.18 10:18:40.368,2.14094,2.14121,1.00,1.50
2015.11.18 10:18:40.924,2.14094,2.14123,1.00,1.75
2015.11.18 10:18:41.328,2.14094,2.14123,1.00,1.75
2015.11.18 10:18:42.201,2.14094,2.1412,1.00,1.00
2015.11.18 10:18:42.719,2.14094,2.14123,1.00,2.25
2015.11.18 10:18:43.874,2.14094,2.14116,1.00,1.00
2015.11.18 10:18:44.178,2.14095,2.14115,1.00,1.37
2015.11.18 10:18:44.605,2.14095,2.14112,1.00,1.00
2015.11.18 10:18:44.908,2.14095,2.14104,1.00,1.12
2015.11.18 10:18:47.018,2.14096,2.1411,1.00,1.00
2015.11.18 10:18:47.524,2.14095,2.1411,1.00,1.00
2015.11.18 10:18:47.726,2.14095,2.14113,1.00,1.50
2015.11.18 10:18:48.252,2.14094,2.14113,1.00,1.50
2015.11.18 10:18:50.477,2.14095,2.14115,1.00,2.25
2015.11.18 10:18:52.526,2.14095,2.14114,1.00,1.75
2015.11.18 10:18:54.582,2.14096,2.14109,1.00,1.50
2015.11.18 10:18:54.885,2.14096,2.14107,1.00,1.75
2015.11.18 10:18:58.932,2.14096,2.14101,1.00,1.00
2015.11.18 10:18:59.184,2.14095,2.14103,1.00,1.12
2015.11.18 10:19:04.242,2.14094,2.14102,1.00,1.00
2015.11.18 10:19:05.036,2.14095,2.14103,1.00,1.12
2015.11.18 10:19:07.165,2.14092,2.14097,1.00,1.00
2015.11.18 10:19:07.479,2.14084,2.14094,1.00,1.87
2015.11.18 10:19:07.630,2.14077,2.14089,1.00,1.00
2015.11.18 10:19:08.098,2.14077,2.14093,1.00,1.75
2015.11.18 10:19:08.607,2.14079,2.14094,1.00,2.25
2015.11.18 10:19:08.885,2.14079,2.14097,1.00,1.75
2015.11.18 10:19:08.936,2.1409,2.14098,1.00,2.25
2015.11.18 10:19:09.189,2.14092,2.14099,1.00,1.00
2015.11.18 10:19:10.372,2.14093,2.14099,1.00,1.00
2015.11.18 10:19:13.300,2.14091,2.141,1.00,1.50
2015.11.18 10:19:14.365,2.14095,2.14106,1.00,1.37
2015.11.18 10:19:14.416,2.14096,2.14106,1.00,1.00
2015.11.18 10:19:14.517,2.14094,2.14111,1.00,1.50
2015.11.18 10:19:15.679,2.14094,2.1411,1.00,1.00
2015.11.18 10:19:16.283,2.14094,2.14111,1.00,1.50
2015.11.18 10:19:18.135,2.14094,2.14109,1.00,1.00
2015.11.18 10:19:19.154,2.14094,2.1411,1.00,1.00
2015.11.18 10:19:19.655,2.14094,2.14111,1.00,1.00
2015.11.18 10:19:20.758,2.14093,2.14111,1.00,1.00
2015.11.18 10:19:23.527,2.14095,2.14111,1.00,1.00
2015.11.18 10:19:24.376,2.14094,2.14111,1.00,1.50
2015.11.18 10:19:25.463,2.14094,2.14114,1.00,1.12
2015.11.18 10:19:25.565,2.14095,2.14112,1.00,1.00
2015.11.18 10:19:25.868,2.14095,2.14106,1.00,1.00
2015.11.18 10:19:28.769,2.14095,2.1411,1.00,1.00
2015.11.18 10:19:29.021,2.14095,2.14108,1.00,1.00
2015.11.18 10:19:29.719,2.14095,2.14111,1.00,1.87
2015.11.18 10:19:29.871,2.14095,2.14109,1.00,1.00
2015.11.18 10:19:30.174,2.14095,2.14111,1.00,1.12
2015.11.18 10:19:31.355,2.14095,2.14114,1.00,1.00
2015.11.18 10:19:33.347,2.14095,2.14115,1.00,1.00
2015.11.18 10:19:34.102,2.14095,2.1411,1.00,1.00
2015.11.18 10:19:34.632,2.14095,2.14111,1.00,1.00
2015.11.18 10:19:34.783,2.14094,2.14114,1.00,1.00
2015.11.18 10:19:35.600,2.14094,2.14114,1.00,1.37
2015.11.18 10:19:35.701,2.14094,2.1411,1.00,1.00
2015.11.18 10:19:36.019,2.14094,2.14108,1.00,1.00
2015.11.18 10:19:36.120,2.14094,2.1411,1.00,1.00
2015.11.18 10:19:37.977,2.14094,2.14108,1.00,1.00
2015.11.18 10:19:38.958,2.14094,2.14105,1.00,1.00
2015.11.18 10:19:39.261,2.14095,2.14104,1.00,1.00
2015.11.18 10:19:39.312,2.14094,2.14105,1.00,1.00
2015.11.18 10:19:39.413,2.14096,2.14105,1.00,1.00
2015.11.18 10:19:39.514,2.14096,2.14107,1.00,1.12
2015.11.18 10:19:39.666,2.14094,2.14109,1.00,1.00
2015.11.18 10:19:40.154,2.14094,2.14105,1.00,1.50
2015.11.18 10:19:40.457,2.14096,2.14106,1.00,1.50
2015.11.18 10:19:40.760,2.14094,2.14106,1.00,1.50
2015.11.18 10:19:41.351,2.14094,2.14108,1.00,1.00
2015.11.18 10:19:42.058,2.14094,2.14109,1.00,1.50
2015.11.18 10:19:42.159,2.14094,2.14107,1.00,1.00
2015.11.18 10:19:42.588,2.14094,2.14103,1.00,1.00
2015.11.18 10:19:42.740,2.14094,2.1411,1.00,1.00
2015.11.18 10:19:43.042,2.14094,2.14114,1.00,1.87
2015.11.18 10:19:43.498,2.14094,2.14111,1.00,1.00
2015.11.18 10:19:43.600,2.14094,2.14114,1.00,1.12
2015.11.18 10:19:43.802,2.14094,2.14118,1.00,1.12
2015.11.18 10:19:44.632,2.14094,2.14118,1.00,1.50
2015.11.18 10:19:44.935,2.14094,2.14113,1.00,1.00
2015.11.18 10:19:45.281,2.14094,2.1411,1.00,1.00
2015.11.18 10:19:47.446,2.14094,2.14108,1.00,1.00
2015.11.18 10:19:51.053,2.14094,2.14114,1.00,1.75
2015.11.18 10:19:53.550,2.14094,2.14114,1.00,1.00
2015.11.18 10:19:53.701,2.14094,2.1412,1.00,2.25
2015.11.18 10:19:53.853,2.14095,2.14125,1.00,1.00
2015.11.18 10:19:53.954,2.141,2.14125,1.00,1.00
2015.11.18 10:19:54.055,2.14106,2.1414,1.75,1.00
2015.11.18 10:19:54.257,2.14106,2.14144,1.75,1.50
2015.11.18 10:19:58.668,2.14112,2.14144,1.00,1.00
2015.11.18 10:19:58.982,2.1412,2.14156,1.00,1.00
2015.11.18 10:19:59.033,2.14124,2.14158,1.00,1.12
2015.11.18 10:19:59.537,2.14121,2.14158,1.00,1.12
2015.11.18 10:20:00.514,2.14119,2.14156,1.00,1.00
2015.11.18 10:20:01.585,2.1412,2.14156,1.00,1.00
2015.11.18 10:20:01.947,2.14122,2.14158,1.00,1.12
2015.11.18 10:20:05.076,2.1412,2.14153,1.00,1.37
2015.11.18 10:20:05.127,2.14115,2.14152,1.00,1.00
2015.11.18 10:20:05.178,2.14115,2.14149,1.00,1.00
2015.11.18 10:20:05.482,2.14113,2.14145,1.00,1.00
2015.11.18 10:20:05.583,2.14108,2.14144,1.00,1.00
2015.11.18 10:20:05.995,2.14106,2.14141,1.00,1.00
2015.11.18 10:20:06.345,2.14104,2.14139,1.12,1.00
2015.11.18 10:20:06.954,2.14105,2.1414,1.00,1.50
2015.11.18 10:20:07.662,2.14108,2.14145,1.00,1.12
2015.11.18 10:20:07.914,2.14112,2.14147,1.00,1.75
2015.11.18 10:20:08.627,2.14115,2.14148,1.00,1.75
2015.11.18 10:20:09.892,2.14113,2.14148,1.00,2.25
2015.11.18 10:20:10.172,2.14115,2.14148,1.00,1.75
2015.11.18 10:20:13.213,2.14115,2.14151,1.00,1.00
2015.11.18 10:20:13.409,2.14117,2.14154,1.00,1.75
2015.11.18 10:20:13.834,2.14117,2.14154,1.12,1.00
2015.11.18 10:20:14.986,2.14119,2.14155,1.00,1.00
2015.11.18 10:20:15.790,2.14118,2.14153,1.00,1.00
2015.11.18 10:20:16.093,2.14118,2.14153,1.00,1.37
2015.11.18 10:20:16.195,2.14113,2.14149,1.00,1.50
2015.11.18 10:20:16.246,2.14111,2.14146,1.00,1.37
2015.11.18 10:20:16.575,2.14109,2.14143,1.00,1.50
2015.11.18 10:20:16.626,2.14106,2.14143,1.00,2.25
2015.11.18 10:20:16.727,2.14106,2.14138,1.00,1.50
2015.11.18 10:20:16.778,2.14101,2.14138,1.00,1.50
2015.11.18 10:20:17.295,2.141,2.14136,1.00,1.12
2015.11.18 10:20:20.295,2.14098,2.14134,1.00,1.00
2015.11.18 10:20:21.775,2.14101,2.14138,1.00,2.25
2015.11.18 10:20:22.153,2.14103,2.14138,1.00,2.25
2015.11.18 10:20:22.925,2.14107,2.14138,1.00,1.50
2015.11.18 10:20:23.026,2.14104,2.14139,1.00,2.25
2015.11.18 10:20:24.494,2.14106,2.14138,1.00,1.50
2015.11.18 10:20:25.026,2.14101,2.14138,1.00,2.25
2015.11.18 10:20:25.077,2.14101,2.14133,1.00,1.00
2015.11.18 10:20:25.389,2.14099,2.14134,1.00,1.75
2015.11.18 10:20:25.641,2.14099,2.14133,1.00,1.00
2015.11.18 10:20:25.743,2.14102,2.14133,1.00,1.00
2015.11.18 10:20:26.247,2.14102,2.14137,1.00,1.75
2015.11.18 10:20:26.348,2.14102,2.14137,1.00,1.00
2015.11.18 10:20:26.571,2.14105,2.14138,1.00,1.00
2015.11.18 10:20:27.076,2.14105,2.1414,1.00,1.50
2015.11.18 10:20:30.746,2.14105,2.14143,1.00,1.00
2015.11.18 10:20:31.041,2.14113,2.14147,1.00,1.50
2015.11.18 10:20:31.395,2.14115,2.14147,1.00,1.50
2015.11.18 10:20:32.757,2.14115,2.14147,1.00,1.00
2015.11.18 10:20:32.859,2.14115,2.14151,1.00,1.00
2015.11.18 10:20:33.161,2.14117,2.14155,1.00,2.25
2015.11.18 10:20:33.857,2.14117,2.14151,1.00,1.00
2015.11.18 10:20:34.196,2.14115,2.1415,1.00,1.50
2015.11.18 10:20:35.503,2.14111,2.14143,1.00,1.00
2015.11.18 10:20:35.806,2.14111,2.14143,1.00,1.75
2015.11.18 10:20:35.857,2.14104,2.1414,1.00,1.00
2015.11.18 10:20:36.311,2.14106,2.14142,1.00,1.50
2015.11.18 10:20:36.858,2.14108,2.14145,1.00,1.50
2015.11.18 10:20:36.909,2.14112,2.14145,1.00,1.00
2015.11.18 10:20:36.960,2.14112,2.14149,1.00,2.62
2015.11.18 10:20:37.061,2.14109,2.14147,1.00,1.12
2015.11.18 10:20:37.515,2.14113,2.14149,1.00,2.62
2015.11.18 10:20:38.268,2.14111,2.14146,1.00,1.00
2015.11.18 10:20:41.084,2.14113,2.14146,1.00,1.00
2015.11.18 10:20:41.355,2.14132,2.14168,1.87,1.12
2015.11.18 10:20:41.406,2.14138,2.14168,1.50,1.00
2015.11.18 10:20:41.457,2.14138,2.14177,1.87,1.87
2015.11.18 10:20:41.508,2.1415,2.14177,1.00,1.00
2015.11.18 10:20:41.559,2.1415,2.14186,1.00,1.87
2015.11.18 10:20:41.610,2.1415,2.14186,1.00,1.00
2015.11.18 10:20:41.661,2.1415,2.14186,1.37,1.00
2015.11.18 10:20:41.813,2.1415,2.14194,1.75,1.50
2015.11.18 10:20:41.964,2.1415,2.1419,1.00,1.50
2015.11.18 10:20:42.267,2.14139,2.14177,1.00,1.12
2015.11.18 10:20:42.982,2.14142,2.14177,1.37,1.00
2015.11.18 10:20:43.033,2.14145,2.14182,1.00,1.00
2015.11.18 10:20:43.084,2.14155,2.14185,1.12,1.00
2015.11.18 10:20:43.135,2.14155,2.14189,1.12,1.00
2015.11.18 10:20:43.287,2.14152,2.14188,1.00,1.12
2015.11.18 10:20:43.489,2.1415,2.14186,1.00,1.00
2015.11.18 10:20:43.829,2.14134,2.14172,1.50,1.00
2015.11.18 10:20:43.981,2.14134,2.14175,1.50,1.37
2015.11.18 10:20:44.083,2.14138,2.14175,1.00,1.00
2015.11.18 10:20:44.285,2.14144,2.14185,1.00,1.87
2015.11.18 10:20:44.336,2.14149,2.14189,1.00,1.12
2015.11.18 10:20:44.387,2.14151,2.1419,1.00,1.50
2015.11.18 10:20:44.870,2.14151,2.14193,1.50,1.00
2015.11.18 10:20:44.921,2.14151,2.14193,1.50,1.37
2015.11.18 10:20:45.023,2.14151,2.14193,1.50,1.00
2015.11.18 10:20:47.097,2.14151,2.1419,1.00,1.00
2015.11.18 10:20:47.396,2.14151,2.14193,1.00,2.25
2015.11.18 10:20:48.141,2.14154,2.14193,1.00,1.00
2015.11.18 10:20:49.172,2.14156,2.14193,1.00,1.00
2015.11.18 10:20:49.670,2.14153,2.14193,1.00,1.00
2015.11.18 10:20:51.148,2.14151,2.14188,1.50,1.00
2015.11.18 10:20:51.452,2.14137,2.14174,1.00,1.00
2015.11.18 10:20:51.756,2.14141,2.1418,1.00,1.00
2015.11.18 10:20:51.807,2.14146,2.14184,1.00,1.00
2015.11.18 10:20:51.909,2.1415,2.14189,1.00,1.00
2015.11.18 10:20:51.960,2.1415,2.14192,1.00,1.50
2015.11.18 10:20:52.112,2.1415,2.1419,1.00,1.00
2015.11.18 10:20:52.414,2.14142,2.14188,1.75,3.00
2015.11.18 10:20:53.791,2.14145,2.14188,1.75,1.37
2015.11.18 10:20:53.842,2.1415,2.14191,1.50,1.00
2015.11.18 10:20:54.344,2.1415,2.14192,1.50,1.12
2015.11.18 10:20:54.606,2.1415,2.14192,1.00,1.75
2015.11.18 10:20:54.657,2.14147,2.1419,1.12,2.25
2015.11.18 10:20:54.707,2.14145,2.14186,1.50,1.75
2015.11.18 10:20:54.758,2.14142,2.1418,1.00,2.25
2015.11.18 10:20:55.112,2.14139,2.14179,1.00,1.50
2015.11.18 10:20:56.307,2.14143,2.14179,1.00,1.50
2015.11.18 10:20:56.509,2.14149,2.14187,1.00,1.50
2015.11.18 10:20:57.017,2.14149,2.14192,1.37,1.50
2015.11.18 10:20:57.219,2.14147,2.14189,1.87,1.12
2015.11.18 10:20:57.270,2.14154,2.14189,1.00,1.12
2015.11.18 10:20:57.321,2.14154,2.14195,1.37,1.37
2015.11.18 10:20:57.422,2.14159,2.14195,1.00,1.00
2015.11.18 10:20:57.674,2.14158,2.14197,1.00,1.00
2015.11.18 10:20:58.611,2.14155,2.14197,1.00,1.00
2015.11.18 10:20:58.763,2.14155,2.14191,1.00,1.00
2015.11.18 10:20:58.915,2.14146,2.1419,1.50,2.25
2015.11.18 10:20:59.463,2.14151,2.14192,1.00,1.75
2015.11.18 10:20:59.514,2.14154,2.14193,1.12,1.00
2015.11.18 10:21:00.024,2.14154,2.14194,1.12,1.12
2015.11.18 10:21:00.327,2.14152,2.14192,1.75,1.00
2015.11.18 10:21:00.962,2.14152,2.14194,2.25,1.12
2015.11.18 10:21:01.064,2.14151,2.14192,1.75,1.00
2015.11.18 10:21:01.367,2.14146,2.14185,1.75,1.00
2015.11.18 10:21:02.480,2.14147,2.14187,1.50,1.00
2015.11.18 10:21:02.582,2.14141,2.14184,2.25,1.00
2015.11.18 10:21:02.633,2.14142,2.14183,1.00,1.00
2015.11.18 10:21:04.871,2.14145,2.14183,1.00,1.00
2015.11.18 10:21:04.922,2.14143,2.14183,1.00,1.00
2015.11.18 10:21:04.974,2.14151,2.14183,1.00,1.00
2015.11.18 10:21:05.024,2.14153,2.14195,1.50,1.75
2015.11.18 10:21:05.126,2.14151,2.14193,1.75,1.00
2015.11.18 10:21:05.229,2.14151,2.14189,1.00,1.00
2015.11.18 10:21:05.582,2.1415,2.14183,1.00,1.00
2015.11.18 10:21:05.689,2.14143,2.14181,1.00,1.00
2015.11.18 10:21:05.741,2.14142,2.14179,1.00,1.00
2015.11.18 10:21:06.044,2.14142,2.14175,1.00,1.00
2015.11.18 10:21:06.095,2.14142,2.14177,1.00,1.00
2015.11.18 10:21:06.600,2.14142,2.14178,1.00,1.00
2015.11.18 10:21:06.962,2.14142,2.14175,1.00,1.00
2015.11.18 10:21:07.265,2.14132,2.1417,2.25,1.00
2015.11.18 10:21:09.311,2.14132,2.14174,2.25,1.00
2015.11.18 10:21:09.502,2.14132,2.14176,2.25,1.00
2015.11.18 10:21:09.707,2.14132,2.14174,2.25,1.00
2015.11.18 10:21:09.758,2.14132,2.14174,2.25,1.00
2015.11.18 10:21:09.859,2.14132,2.14174,1.75,1.00
2015.11.18 10:21:10.162,2.14132,2.14172,1.75,1.00
2015.11.18 10:21:12.233,2.14132,2.14175,1.75,1.50
2015.11.18 10:21:12.771,2.14132,2.14174,1.75,1.00
2015.11.18 10:21:12.905,2.14134,2.14176,1.75,1.00
2015.11.18 10:21:13.913,2.14136,2.14173,1.75,1.00
2015.11.18 10:21:14.105,2.14136,2.14176,1.75,1.00
2015.11.18 10:21:14.156,2.14136,2.14174,1.75,1.00
2015.11.18 10:21:14.461,2.14134,2.14171,1.75,1.00
2015.11.18 10:21:15.269,2.14137,2.14173,1.50,1.00
2015.11.18 10:21:15.667,2.1414,2.14177,1.00,1.37
2015.11.18 10:21:15.869,2.14154,2.1419,1.00,1.00
2015.11.18 10:21:15.920,2.14155,2.14193,1.00,1.87
2015.11.18 10:21:15.991,2.14155,2.14186,1.00,1.00
2015.11.18 10:21:16.042,2.14149,2.14183,2.25,1.00
2015.11.18 10:21:16.295,2.14147,2.1418,1.00,1.00
2015.11.18 10:21:16.590,2.14146,2.14183,1.50,1.50
2015.11.18 10:21:17.106,2.14147,2.14183,1.00,1.50
2015.11.18 10:21:17.460,2.14147,2.14181,1.00,1.00
2015.11.18 10:21:17.910,2.14143,2.14181,1.00,1.00
2015.11.18 10:21:17.961,2.14141,2.14176,1.00,1.00
2015.11.18 10:21:18.315,2.14141,2.14174,1.50,1.00
2015.11.18 10:21:18.416,2.14141,2.14176,2.25,1.00
2015.11.18 10:21:19.011,2.14142,2.14179,1.00,1.00
2015.11.18 10:21:19.328,2.14141,2.14177,1.50,1.00
2015.11.18 10:21:20.136,2.14141,2.14173,1.00,1.00
2015.11.18 10:21:20.186,2.14137,2.14173,1.00,1.00
2015.11.18 10:21:20.664,2.14142,2.14177,1.00,1.75
2015.11.18 10:21:22.256,2.1414,2.14176,1.00,2.25
2015.11.18 10:21:22.357,2.14142,2.14176,1.00,1.50
2015.11.18 10:21:24.019,2.14139,2.14174,1.00,1.00
2015.11.18 10:21:24.120,2.14136,2.14171,1.00,1.00
2015.11.18 10:21:24.423,2.14134,2.14169,1.00,1.50
2015.11.18 10:21:24.770,2.14134,2.14169,1.75,1.00
2015.11.18 10:21:24.871,2.14133,2.1417,1.00,1.75
2015.11.18 10:21:25.074,2.14133,2.14171,1.50,1.00
2015.11.18 10:21:25.226,2.14133,2.14168,1.00,1.00
2015.11.18 10:21:25.529,2.14135,2.14172,1.00,1.00
2015.11.18 10:21:26.010,2.14133,2.14169,1.00,1.00
2015.11.18 10:21:26.580,2.14131,2.14169,1.00,1.12
2015.11.18 10:21:26.731,2.14128,2.14165,1.12,1.00
2015.11.18 10:21:27.097,2.14126,2.14163,1.75,1.00
2015.11.18 10:21:27.251,2.14129,2.14165,1.00,1.00
2015.11.18 10:21:27.352,2.14137,2.14171,1.00,2.25
2015.11.18 10:21:27.958,2.14135,2.1417,1.00,1.50
2015.11.18 10:21:28.059,2.14133,2.14165,1.12,1.00
2015.11.18 10:21:28.110,2.14127,2.14165,1.87,1.50
2015.11.18 10:21:28.483,2.14132,2.14167,1.00,1.50
2015.11.18 10:21:28.736,2.14137,2.14173,1.00,1.00
2015.11.18 10:21:28.989,2.1414,2.14174,1.00,1.00
2015.11.18 10:21:29.090,2.1414,2.14177,1.00,1.00
2015.11.18 10:21:29.630,2.14136,2.14174,1.75,1.00
2015.11.18 10:21:30.700,2.14136,2.14174,1.37,1.12
2015.11.18 10:21:30.802,2.14138,2.14171,1.00,1.00
2015.11.18 10:21:30.853,2.14135,2.14171,1.12,1.00
2015.11.18 10:21:31.371,2.14134,2.14168,1.37,1.00
2015.11.18 10:21:31.674,2.14132,2.14167,1.12,1.00
2015.11.18 10:21:31.776,2.14136,2.14171,1.50,1.00
2015.11.18 10:21:31.877,2.14139,2.14174,1.00,1.00
2015.11.18 10:21:31.978,2.14141,2.14178,1.00,1.12
2015.11.18 10:21:32.278,2.14137,2.14175,1.87,1.00
2015.11.18 10:21:32.582,2.14141,2.14176,1.00,1.00
2015.11.18 10:21:34.719,2.14143,2.14176,1.00,1.00
2015.11.18 10:21:36.222,2.14143,2.14181,2.25,1.00
2015.11.18 10:21:36.475,2.1415,2.14181,1.37,1.00
2015.11.18 10:21:36.619,2.1415,2.14184,1.75,1.00
2015.11.18 10:21:36.670,2.14151,2.14186,1.50,1.00
2015.11.18 10:21:37.127,2.1415,2.14184,1.75,1.00
2015.11.18 10:21:37.426,2.14154,2.14189,1.00,1.00
2015.11.18 10:21:38.001,2.14157,2.14192,1.00,1.00
2015.11.18 10:21:40.338,2.14161,2.14196,1.00,3.00
2015.11.18 10:21:40.389,2.14161,2.14196,1.00,1.50
2015.11.18 10:21:40.490,2.14164,2.14199,1.00,1.12
2015.11.18 10:21:40.692,2.14162,2.14198,1.00,1.00
2015.11.18 10:21:40.743,2.14162,2.14194,1.00,1.00
2015.11.18 10:21:40.920,2.14156,2.14193,2.25,1.00
2015.11.18 10:21:42.198,2.14159,2.14195,1.12,1.00
2015.11.18 10:21:44.602,2.14159,2.14192,1.12,1.00
2015.11.18 10:21:44.703,2.14149,2.14184,1.12,1.00
2015.11.18 10:21:44.805,2.14149,2.14179,1.12,1.00
2015.11.18 10:21:44.906,2.14145,2.1418,1.00,1.00
2015.11.18 10:21:44.957,2.14143,2.1418,1.00,1.50
2015.11.18 10:21:45.894,2.14145,2.1418,1.50,1.00
2015.11.18 10:21:46.046,2.14152,2.14189,1.00,2.25
2015.11.18 10:21:46.147,2.14157,2.14189,1.00,1.00
2015.11.18 10:21:46.198,2.14157,2.14191,1.12,1.00
2015.11.18 10:21:46.299,2.14157,2.14195,1.12,1.00
2015.11.18 10:21:46.786,2.14155,2.14192,1.75,1.00
2015.11.18 10:21:47.461,2.14159,2.14195,1.00,1.00
2015.11.18 10:21:53.965,2.14156,2.14193,1.50,1.00
2015.11.18 10:21:54.565,2.14156,2.14193,1.00,2.25
2015.11.18 10:21:55.221,2.14153,2.14191,1.50,1.75
2015.11.18 10:21:55.423,2.14153,2.14191,1.12,1.00
2015.11.18 10:21:56.043,2.14155,2.14193,1.00,2.25
2015.11.18 10:21:58.122,2.14156,2.14193,1.00,1.50
2015.11.18 10:21:59.163,2.14158,2.14193,1.00,1.00
2015.11.18 10:21:59.669,2.14158,2.14194,1.00,1.00
2015.11.18 10:21:59.971,2.14156,2.14191,1.50,1.00
2015.11.18 10:22:00.336,2.14158,2.14193,1.00,1.00
2015.11.18 10:22:01.675,2.14156,2.1419,1.00,1.00
2015.11.18 10:22:02.029,2.14152,2.14188,1.87,1.00
2015.11.18 10:22:02.080,2.14152,2.14188,1.00,1.00
2015.11.18 10:22:02.231,2.14155,2.14188,1.00,1.00
2015.11.18 10:22:02.282,2.14155,2.14191,1.00,1.00
2015.11.18 10:22:02.333,2.14155,2.14191,1.75,1.00
2015.11.18 10:22:02.384,2.14157,2.14193,1.37,1.00
2015.11.18 10:22:02.742,2.14161,2.14193,1.00,1.00
2015.11.18 10:22:02.991,2.14164,2.142,1.00,1.00
2015.11.18 10:22:03.550,2.14161,2.14199,1.00,1.12
2015.11.18 10:22:03.652,2.14159,2.14196,1.50,1.00
2015.11.18 10:22:03.955,2.14157,2.14192,1.50,1.00
2015.11.18 10:22:04.056,2.14154,2.14191,1.37,1.00
2015.11.18 10:22:05.221,2.14152,2.14187,1.75,1.00
2015.11.18 10:22:10.250,2.14153,2.1419,1.50,1.00
2015.11.18 10:22:13.341,2.14155,2.14193,1.12,1.00
2015.11.18 10:22:16.284,2.14157,2.14194,1.00,1.00
2015.11.18 10:22:16.789,2.14157,2.14195,1.00,1.12
2015.11.18 10:22:17.691,2.1416,2.14197,1.50,1.50
2015.11.18 10:22:17.996,2.14166,2.14202,1.00,1.75
2015.11.18 10:22:18.198,2.14166,2.14202,1.50,1.00
2015.11.18 10:22:18.249,2.14169,2.14205,1.00,1.00
2015.11.18 10:22:20.333,2.14171,2.14207,1.00,1.00
2015.11.18 10:22:20.884,2.14171,2.14206,1.00,1.00
2015.11.18 10:22:21.380,2.14171,2.14208,1.00,1.00
2015.11.18 10:22:22.192,2.14174,2.14208,1.00,1.00
2015.11.18 10:22:23.480,2.14171,2.14208,1.00,1.50
2015.11.18 10:22:24.300,2.14174,2.14208,1.00,1.00
2015.11.18 10:22:26.616,2.14172,2.14208,1.00,1.50
2015.11.18 10:22:27.230,2.14174,2.14208,1.00,1.00
2015.11.18 10:22:27.560,2.14172,2.14208,1.00,1.50
2015.11.18 10:22:28.418,2.14169,2.14205,1.00,1.00
2015.11.18 10:22:29.824,2.14171,2.14208,1.00,1.50
2015.11.18 10:22:33.138,2.14171,2.14208,1.50,1.00
2015.11.18 10:22:34.669,2.14173,2.1421,1.00,1.00
2015.11.18 10:22:39.622,2.14179,2.14213,1.50,1.00
2015.11.18 10:22:40.127,2.14178,2.14212,1.75,1.00
2015.11.18 10:22:40.429,2.14177,2.14215,1.75,1.00
2015.11.18 10:22:40.480,2.14176,2.14211,1.75,1.00
2015.11.18 10:22:40.531,2.14176,2.14211,1.00,1.00
2015.11.18 10:22:43.551,2.14178,2.14214,1.00,1.00
2015.11.18 10:22:44.153,2.14176,2.14213,1.00,1.00
2015.11.18 10:22:45.115,2.14175,2.14213,1.00,1.00
2015.11.18 10:22:45.455,2.14177,2.14214,1.00,1.00
2015.11.18 10:22:45.756,2.14176,2.14212,1.00,1.00
2015.11.18 10:22:46.208,2.14172,2.14209,1.00,1.00
2015.11.18 10:22:46.309,2.14172,2.14207,1.00,1.00
2015.11.18 10:22:46.612,2.14165,2.14201,1.75,1.00
2015.11.18 10:22:49.868,2.14165,2.14199,1.00,1.00
2015.11.18 10:22:49.999,2.14162,2.14197,1.37,1.00
2015.11.18 10:22:51.093,2.14164,2.14199,1.00,1.00
2015.11.18 10:22:51.254,2.14164,2.14201,1.00,1.00
2015.11.18 10:22:51.356,2.14164,2.14199,1.00,1.00
2015.11.18 10:22:51.716,2.14164,2.14201,1.00,1.00
2015.11.18 10:22:52.123,2.14162,2.14198,1.37,1.00
2015.11.18 10:22:52.774,2.14164,2.14201,1.00,1.00
2015.11.18 10:22:55.606,2.14166,2.14204,1.00,1.37
2015.11.18 10:22:56.013,2.14169,2.14207,1.12,1.00
2015.11.18 10:22:56.971,2.14172,2.14209,1.00,1.87
2015.11.18 10:23:00.724,2.1417,2.14206,1.00,1.00
2015.11.18 10:23:02.148,2.14172,2.14208,1.00,1.00
2015.11.18 10:23:09.841,2.14172,2.14208,1.37,1.00
2015.11.18 10:23:17.405,2.14174,2.1421,1.12,1.00
2015.11.18 10:23:17.796,2.14171,2.14208,1.75,1.00
2015.11.18 10:23:18.098,2.14171,2.14203,1.75,1.00
2015.11.18 10:23:18.301,2.14171,2.14206,1.75,1.00
2015.11.18 10:23:19.649,2.14172,2.14208,2.25,1.00
2015.11.18 10:23:23.233,2.14172,2.14208,1.00,1.00
2015.11.18 10:23:23.283,2.14169,2.14205,1.75,1.00
2015.11.18 10:23:23.765,2.14163,2.14196,1.75,1.00
2015.11.18 10:23:23.816,2.14163,2.14196,1.00,1.00
2015.11.18 10:23:23.867,2.1416,2.14193,1.00,1.00
2015.11.18 10:23:26.055,2.14158,2.14193,1.00,1.00
2015.11.18 10:23:26.769,2.14162,2.14193,1.00,1.00
2015.11.18 10:23:27.095,2.1417,2.14201,1.00,1.00
2015.11.18 10:23:27.399,2.14162,2.14198,1.75,1.00
2015.11.18 10:23:27.450,2.14162,2.14198,1.87,1.00
2015.11.18 10:23:28.561,2.14164,2.142,1.00,1.00
2015.11.18 10:23:29.828,2.14167,2.14202,1.00,1.12
2015.11.18 10:23:30.187,2.14163,2.14201,1.00,1.00
2015.11.18 10:23:30.327,2.14163,2.14201,1.00,1.37
2015.11.18 10:23:30.680,2.14159,2.14197,1.00,1.00
2015.11.18 10:23:30.781,2.14164,2.14197,1.00,1.00
2015.11.18 10:23:30.983,2.14162,2.14198,1.00,1.00
2015.11.18 10:23:31.443,2.1416,2.14197,1.00,1.00
2015.11.18 10:23:31.646,2.14163,2.14198,1.00,1.50
2015.11.18 10:23:33.401,2.14161,2.14196,1.00,1.00
2015.11.18 10:23:33.750,2.14145,2.1418,1.00,1.00
2015.11.18 10:23:34.104,2.14148,2.14182,1.00,1.00
2015.11.18 10:23:35.817,2.14152,2.14182,1.00,1.00
2015.11.18 10:23:35.919,2.14152,2.14185,1.00,1.00
2015.11.18 10:23:35.970,2.14155,2.1419,1.00,1.12
2015.11.18 10:23:36.085,2.14158,2.1419,1.00,1.00
2015.11.18 10:23:36.136,2.14158,2.14194,1.00,1.00
2015.11.18 10:23:36.187,2.1416,2.14195,1.87,1.00
2015.11.18 10:23:36.238,2.14163,2.14198,1.00,1.00
2015.11.18 10:23:36.642,2.1416,2.14197,1.37,1.50
2015.11.18 10:23:36.693,2.1416,2.14195,1.00,1.00
2015.11.18 10:23:36.744,2.14155,2.14192,1.12,1.00
2015.11.18 10:23:36.795,2.14155,2.14189,1.12,1.00
