2015.08.07 10:00:00.127,2.10371,2.10401,1.00,1.00
2015.08.07 10:00:00.431,2.10386,2.10408,1.00,1.00
2015.08.07 10:00:00.482,2.10377,2.10407,1.00,1.00
2015.08.07 10:00:00.795,2.10371,2.10402,1.00,1.00
2015.08.07 10:00:00.899,2.10368,2.10398,1.50,1.00
2015.08.07 10:00:01.202,2.10371,2.10398,1.00,1.00
2015.08.07 10:00:01.253,2.10374,2.10405,1.00,1.00
2015.08.07 10:00:01.455,2.10379,2.10408,1.00,1.50
2015.08.07 10:00:01.830,2.10377,2.10407,1.00,1.00
2015.08.07 10:00:03.768,2.10378,2.10407,1.00,1.00
2015.08.07 10:00:04.313,2.10377,2.10407,1.00,1.37
2015.08.07 10:00:04.516,2.10373,2.10406,1.00,1.37
2015.08.07 10:00:04.819,2.10372,2.10402,1.00,1.00
2015.08.07 10:00:06.566,2.10373,2.10402,1.00,1.00
2015.08.07 10:00:06.668,2.10381,2.10412,1.00,1.00
2015.08.07 10:00:06.929,2.10376,2.10406,1.00,1.00
2015.08.07 10:00:07.081,2.10374,2.10405,1.00,1.00
2015.08.07 10:00:07.385,2.10374,2.10403,1.00,1.00
2015.08.07 10:00:07.840,2.10364,2.10396,1.00,1.00
2015.08.07 10:00:08.344,2.10365,2.10396,1.00,1.00
2015.08.07 10:00:08.849,2.10365,2.10393,1.00,1.00
2015.08.07 10:00:08.900,2.10362,2.10393,1.11,1.00
2015.08.07 10:00:09.052,2.10355,2.10386,1.50,1.00
2015.08.07 10:00:09.562,2.10354,2.10387,1.00,1.00
2015.08.07 10:00:09.895,2.10352,2.10382,1.00,1.00
2015.08.07 10:00:12.159,2.10354,2.10382,1.00,1.00
2015.08.07 10:00:12.210,2.10356,2.10385,1.00,1.12
2015.08.07 10:00:12.261,2.10361,2.10392,1.00,1.37
2015.08.07 10:00:12.312,2.10361,2.10392,1.00,1.00
2015.08.07 10:00:12.363,2.10361,2.10394,1.00,1.00
2015.08.07 10:00:12.414,2.10356,2.10388,1.00,1.00
2015.08.07 10:00:12.719,2.10364,2.10395,1.00,1.37
2015.08.07 10:00:13.064,2.10364,2.10392,1.00,1.00
2015.08.07 10:00:13.114,2.10357,2.10387,1.00,1.00
2015.08.07 10:00:13.441,2.10361,2.10391,1.00,1.00
2015.08.07 10:00:13.704,2.10361,2.10394,1.00,1.00
2015.08.07 10:00:13.805,2.10366,2.10399,1.00,1.12
2015.08.07 10:00:14.108,2.1037,2.10399,1.00,1.12
2015.08.07 10:00:14.630,2.1037,2.104,1.00,1.12
2015.08.07 10:00:14.836,2.10363,2.10394,1.00,1.12
2015.08.07 10:00:15.906,2.10377,2.10399,1.00,1.12
2015.08.07 10:00:15.959,2.10378,2.10408,1.00,1.00
2015.08.07 10:00:16.010,2.10383,2.10418,1.50,1.37
2015.08.07 10:00:16.061,2.10383,2.10418,1.50,1.00
2015.08.07 10:00:16.163,2.10383,2.10413,1.00,1.00
2015.08.07 10:00:16.214,2.10386,2.10417,1.00,1.00
2015.08.07 10:00:16.315,2.10389,2.10419,1.00,1.50
2015.08.07 10:00:16.468,2.1039,2.10421,1.00,1.00
2015.08.07 10:00:16.569,2.10384,2.10416,1.00,1.00
2015.08.07 10:00:17.194,2.10381,2.10414,1.00,1.00
2015.08.07 10:00:17.346,2.10381,2.10414,1.00,1.87
2015.08.07 10:00:17.397,2.10379,2.10409,1.00,1.00
2015.08.07 10:00:17.448,2.10369,2.10397,1.00,1.00
2015.08.07 10:00:17.752,2.10369,2.10402,1.50,1.37
2015.08.07 10:00:18.265,2.10369,2.10402,1.50,1.00
2015.08.07 10:00:18.317,2.10374,2.10397,1.00,1.00
2015.08.07 10:00:18.569,2.10376,2.10401,1.00,1.00
2015.08.07 10:00:18.822,2.1037,2.10395,1.00,1.00
2015.08.07 10:00:19.125,2.10372,2.10396,1.00,1.00
2015.08.07 10:00:19.440,2.10369,2.10393,1.00,1.00
2015.08.07 10:00:20.562,2.10362,2.10384,1.00,1.00
2015.08.07 10:00:21.077,2.10362,2.10385,1.00,1.12
2015.08.07 10:00:21.229,2.10358,2.10383,1.00,1.00
2015.08.07 10:00:22.022,2.10353,2.10378,1.00,1.00
2015.08.07 10:00:22.477,2.10353,2.10383,1.00,1.00
2015.08.07 10:00:22.780,2.10355,2.10383,1.09,1.00
2015.08.07 10:00:23.083,2.10371,2.10402,1.00,1.00
2015.08.07 10:00:23.327,2.10366,2.10397,1.00,1.00
2015.08.07 10:00:24.589,2.10365,2.1039,1.00,1.00
2015.08.07 10:00:24.891,2.1036,2.10383,1.00,1.00
2015.08.07 10:00:28.132,2.10356,2.10387,1.00,1.00
2015.08.07 10:00:28.233,2.10349,2.10377,1.00,1.00
2015.08.07 10:00:28.385,2.1035,2.10382,1.00,1.00
2015.08.07 10:00:29.803,2.10346,2.10377,1.00,1.00
2015.08.07 10:00:31.060,2.10347,2.10377,1.00,1.00
2015.08.07 10:00:31.111,2.1035,2.10381,1.00,1.00
2015.08.07 10:00:31.262,2.10352,2.10385,1.00,1.12
2015.08.07 10:00:32.020,2.10352,2.10385,1.00,1.37
2015.08.07 10:00:32.071,2.10346,2.10372,1.00,1.00
2015.08.07 10:00:32.122,2.10344,2.10371,1.50,1.00
2015.08.07 10:00:32.173,2.1034,2.10371,1.00,1.00
2015.08.07 10:00:32.276,2.10341,2.10373,1.00,1.00
2015.08.07 10:00:33.283,2.1035,2.10373,1.50,1.00
2015.08.07 10:00:33.338,2.10354,2.10379,1.00,1.00
2015.08.07 10:00:33.439,2.10354,2.10384,1.00,1.34
2015.08.07 10:00:33.641,2.1035,2.10382,1.50,1.34
2015.08.07 10:00:33.743,2.10352,2.10384,1.00,1.34
2015.08.07 10:00:34.372,2.1035,2.10382,1.00,1.34
2015.08.07 10:00:34.423,2.10349,2.10382,1.50,1.71
2015.08.07 10:00:34.728,2.10345,2.10376,1.00,1.37
2015.08.07 10:00:34.779,2.10341,2.10374,1.00,1.00
2015.08.07 10:00:34.830,2.10339,2.1037,1.50,1.00
2015.08.07 10:00:35.184,2.10337,2.10369,2.25,1.00
2015.08.07 10:00:35.994,2.10338,2.10369,1.00,1.00
2015.08.07 10:00:39.775,2.10337,2.10369,1.00,1.00
2015.08.07 10:00:41.309,2.10338,2.10369,1.00,1.00
2015.08.07 10:00:41.909,2.10339,2.10369,1.00,1.00
2015.08.07 10:00:42.112,2.10337,2.10369,1.50,1.00
2015.08.07 10:00:50.970,2.1034,2.1037,1.00,1.00
2015.08.07 10:00:52.701,2.10337,2.10367,1.00,1.00
2015.08.07 10:00:53.207,2.10336,2.10367,1.00,1.50
2015.08.07 10:00:53.512,2.10336,2.10363,1.00,1.00
2015.08.07 10:00:53.614,2.10336,2.10367,1.00,1.50
2015.08.07 10:00:54.675,2.10339,2.10367,1.00,1.00
2015.08.07 10:00:54.726,2.10339,2.10369,1.00,1.00
2015.08.07 10:00:54.879,2.10344,2.10373,1.00,1.00
2015.08.07 10:00:55.424,2.10344,2.10374,1.00,1.50
2015.08.07 10:00:57.930,2.10345,2.10377,1.00,1.34
2015.08.07 10:00:58.234,2.10349,2.10374,1.00,1.00
2015.08.07 10:00:59.242,2.10349,2.10373,1.00,1.00
2015.08.07 10:01:00.012,2.10349,2.10374,1.00,1.50
2015.08.07 10:01:00.515,2.10346,2.10371,1.00,1.00
2015.08.07 10:01:04.081,2.1034,2.10365,1.00,1.00
2015.08.07 10:01:04.392,2.10338,2.10363,1.00,1.50
2015.08.07 10:01:04.789,2.10343,2.10363,1.00,1.00
2015.08.07 10:01:04.840,2.10343,2.10365,1.00,1.00
2015.08.07 10:01:04.992,2.10345,2.10368,1.00,1.00
2015.08.07 10:01:09.598,2.10341,2.10366,1.00,1.00
2015.08.07 10:01:10.600,2.10339,2.10364,1.00,1.00
2015.08.07 10:01:15.020,2.10337,2.10359,1.00,1.00
2015.08.07 10:01:34.140,2.10338,2.10363,1.00,1.00
2015.08.07 10:01:36.899,2.10339,2.10363,1.00,1.00
2015.08.07 10:01:37.051,2.10341,2.10363,1.00,1.00
2015.08.07 10:01:37.632,2.10342,2.10364,1.00,1.00
2015.08.07 10:01:48.114,2.10339,2.10362,1.00,1.00
2015.08.07 10:01:48.266,2.10335,2.1036,1.00,1.00
2015.08.07 10:01:48.752,2.10332,2.10357,1.00,1.00
2015.08.07 10:01:53.326,2.10332,2.10357,1.00,1.84
2015.08.07 10:01:53.427,2.10329,2.10353,1.00,1.09
2015.08.07 10:01:53.478,2.10318,2.10341,1.00,1.00
2015.08.07 10:01:53.781,2.10315,2.10338,1.00,1.00
2015.08.07 10:01:54.084,2.10312,2.10334,1.00,1.00
2015.08.07 10:01:54.729,2.10311,2.10334,1.00,1.00
2015.08.07 10:01:55.233,2.10312,2.10334,1.00,1.00
2015.08.07 10:01:57.348,2.10309,2.10334,1.00,1.00
2015.08.07 10:01:57.704,2.10307,2.10331,1.00,1.00
2015.08.07 10:01:58.160,2.10304,2.10329,1.00,1.00
2015.08.07 10:01:58.565,2.10301,2.10324,1.00,1.00
2015.08.07 10:01:58.818,2.10297,2.10323,1.00,1.00
2015.08.07 10:02:00.158,2.10296,2.10323,1.00,1.00
2015.08.07 10:02:00.419,2.10292,2.10323,1.00,1.00
2015.08.07 10:02:00.470,2.10296,2.10327,1.50,1.00
2015.08.07 10:02:00.622,2.10301,2.10334,1.00,1.00
2015.08.07 10:02:00.874,2.10306,2.10336,1.00,1.00
2015.08.07 10:02:01.077,2.10301,2.10332,1.00,1.00
2015.08.07 10:02:01.128,2.10297,2.1033,1.50,1.00
2015.08.07 10:02:01.179,2.10297,2.10328,1.50,1.00
2015.08.07 10:02:01.528,2.10294,2.10325,1.00,1.00
2015.08.07 10:02:01.831,2.10297,2.10328,1.00,1.00
2015.08.07 10:02:02.134,2.10302,2.10333,1.00,1.00
2015.08.07 10:02:03.196,2.10305,2.10333,1.00,1.00
2015.08.07 10:02:03.247,2.10305,2.10338,1.00,1.00
2015.08.07 10:02:03.449,2.10309,2.10339,1.00,1.00
2015.08.07 10:02:03.803,2.1031,2.10343,1.00,1.00
2015.08.07 10:02:04.185,2.10309,2.10322,1.00,1.50
2015.08.07 10:02:04.236,2.1029,2.10322,1.00,1.00
2015.08.07 10:02:04.287,2.1029,2.10315,1.00,1.00
2015.08.07 10:02:04.389,2.10289,2.10318,1.00,1.00
2015.08.07 10:02:04.490,2.10289,2.10315,1.00,1.00
2015.08.07 10:02:04.642,2.10287,2.10315,1.00,1.00
2015.08.07 10:02:04.844,2.10284,2.10315,1.00,1.00
2015.08.07 10:02:05.147,2.10281,2.10311,1.50,1.00
2015.08.07 10:02:05.913,2.10284,2.10315,1.00,1.00
2015.08.07 10:02:06.418,2.10286,2.10315,1.00,1.00
2015.08.07 10:02:06.720,2.10289,2.10315,1.00,1.00
2015.08.07 10:02:06.771,2.10289,2.10318,1.00,1.00
2015.08.07 10:02:07.119,2.10289,2.1032,1.50,1.00
2015.08.07 10:02:10.721,2.10292,2.1032,1.00,1.00
2015.08.07 10:02:10.872,2.10293,2.10325,1.50,1.00
2015.08.07 10:02:11.074,2.10297,2.10325,1.00,1.00
2015.08.07 10:02:11.226,2.10298,2.1033,1.00,1.00
2015.08.07 10:02:11.378,2.10302,2.10332,1.00,1.00
2015.08.07 10:02:12.069,2.10297,2.10328,1.00,1.00
2015.08.07 10:02:12.119,2.10295,2.10325,1.00,1.00
2015.08.07 10:02:12.220,2.10292,2.10324,1.00,1.00
2015.08.07 10:02:12.725,2.10291,2.10324,1.00,1.00
2015.08.07 10:02:16.630,2.10289,2.10321,1.50,1.00
2015.08.07 10:02:18.732,2.10294,2.10324,1.00,1.00
2015.08.07 10:02:19.035,2.10298,2.10328,1.00,1.00
2015.08.07 10:02:19.651,2.10293,2.10325,1.00,1.50
2015.08.07 10:02:20.105,2.10293,2.10321,1.00,1.00
2015.08.07 10:02:20.207,2.10285,2.10317,1.00,1.84
2015.08.07 10:02:20.264,2.10282,2.1031,1.00,1.00
2015.08.07 10:02:20.315,2.10277,2.1031,1.50,1.00
2015.08.07 10:02:20.366,2.10277,2.10308,1.00,1.00
2015.08.07 10:02:20.775,2.10274,2.10305,1.00,1.00
2015.08.07 10:02:22.277,2.10271,2.10303,1.00,1.00
2015.08.07 10:02:22.429,2.10273,2.10306,1.50,1.00
2015.08.07 10:02:22.480,2.10283,2.10311,1.00,1.00
2015.08.07 10:02:22.531,2.10283,2.10313,1.00,1.00
2015.08.07 10:02:22.682,2.10276,2.10307,1.00,1.00
2015.08.07 10:02:22.985,2.10272,2.10303,1.00,1.00
2015.08.07 10:02:23.920,2.10268,2.103,1.00,1.00
2015.08.07 10:02:25.525,2.10267,2.10296,1.00,1.00
2015.08.07 10:02:26.462,2.10266,2.10296,1.12,1.00
2015.08.07 10:02:26.563,2.10267,2.103,1.00,1.00
2015.08.07 10:02:27.706,2.10269,2.103,1.00,1.00
2015.08.07 10:02:28.581,2.10268,2.103,1.00,1.00
2015.08.07 10:02:29.883,2.10267,2.103,1.00,1.00
2015.08.07 10:02:36.550,2.10267,2.103,1.87,1.00
2015.08.07 10:02:37.415,2.10269,2.103,1.00,1.00
2015.08.07 10:02:37.872,2.10267,2.103,1.00,1.00
2015.08.07 10:02:38.472,2.10269,2.103,1.00,1.00
2015.08.07 10:02:38.921,2.10267,2.103,1.50,1.00
2015.08.07 10:02:39.256,2.10264,2.10294,1.00,1.00
2015.08.07 10:02:40.014,2.10266,2.10299,1.00,1.50
2015.08.07 10:02:43.189,2.10268,2.10301,1.50,1.00
2015.08.07 10:02:44.046,2.10272,2.10305,1.00,1.00
2015.08.07 10:02:44.652,2.1027,2.10302,1.00,1.00
2015.08.07 10:02:51.621,2.10266,2.10296,1.12,1.00
2015.08.07 10:02:52.133,2.10265,2.10296,1.00,1.00
2015.08.07 10:02:52.673,2.10264,2.10296,1.00,1.00
2015.08.07 10:02:53.185,2.10266,2.10296,1.00,1.00
2015.08.07 10:02:53.438,2.10267,2.103,1.00,1.00
2015.08.07 10:02:57.763,2.10266,2.10298,1.00,1.00
2015.08.07 10:02:58.167,2.10268,2.10298,1.00,1.00
2015.08.07 10:02:58.379,2.10266,2.10298,1.00,1.00
2015.08.07 10:03:00.338,2.10265,2.10298,1.50,1.00
2015.08.07 10:03:02.887,2.10266,2.10298,1.00,1.00
2015.08.07 10:03:04.189,2.10265,2.10298,1.50,1.00
2015.08.07 10:03:04.699,2.10266,2.10298,1.00,1.00
2015.08.07 10:03:05.298,2.10265,2.10298,1.50,1.00
2015.08.07 10:03:08.618,2.10266,2.10298,1.00,1.00
2015.08.07 10:03:09.819,2.10265,2.10298,1.50,1.00
2015.08.07 10:03:10.177,2.10266,2.10287,1.00,1.00
2015.08.07 10:03:10.228,2.10255,2.10287,1.86,1.00
2015.08.07 10:03:10.278,2.10258,2.10289,1.00,1.00
2015.08.07 10:03:10.430,2.10253,2.10286,1.00,1.00
2015.08.07 10:03:10.632,2.10248,2.10281,1.00,1.00
2015.08.07 10:03:10.959,2.10247,2.10279,1.00,1.00
2015.08.07 10:03:11.262,2.10246,2.10276,1.00,1.00
2015.08.07 10:03:11.464,2.10239,2.10271,1.37,1.00
2015.08.07 10:03:11.515,2.10243,2.10274,1.00,1.00
2015.08.07 10:03:11.819,2.10243,2.10271,1.00,1.00
2015.08.07 10:03:12.170,2.1024,2.10271,1.00,1.00
2015.08.07 10:03:12.423,2.10235,2.10265,1.12,1.00
2015.08.07 10:03:12.524,2.10243,2.10274,1.00,1.50
2015.08.07 10:03:13.054,2.10243,2.10273,1.00,1.00
2015.08.07 10:03:13.105,2.10243,2.10271,1.00,1.00
2015.08.07 10:03:13.346,2.10243,2.10274,1.00,1.50
2015.08.07 10:03:13.498,2.1024,2.10272,1.12,1.00
2015.08.07 10:03:13.751,2.10243,2.10273,1.00,1.00
2015.08.07 10:03:15.213,2.10243,2.10271,1.37,1.00
2015.08.07 10:03:15.421,2.10245,2.10278,1.12,1.00
2015.08.07 10:03:15.523,2.10246,2.10278,1.37,1.00
2015.08.07 10:03:15.675,2.1025,2.10281,1.12,1.00
2015.08.07 10:03:16.392,2.10248,2.10279,1.00,1.00
2015.08.07 10:03:16.443,2.10241,2.10274,1.00,1.00
2015.08.07 10:03:16.708,2.10238,2.10271,1.87,1.00
2015.08.07 10:03:17.223,2.10239,2.1027,1.37,1.00
2015.08.07 10:03:17.831,2.10239,2.1027,1.37,1.00
2015.08.07 10:03:18.338,2.10238,2.10269,1.00,1.00
2015.08.07 10:03:18.389,2.10238,2.10264,1.00,1.00
2015.08.07 10:03:18.440,2.10235,2.10264,1.50,1.00
2015.08.07 10:03:18.491,2.10235,2.10266,1.00,1.00
2015.08.07 10:03:20.919,2.10233,2.10263,1.00,1.00
2015.08.07 10:03:21.278,2.1023,2.1026,1.00,1.00
2015.08.07 10:03:21.582,2.10232,2.10259,1.00,1.00
2015.08.07 10:03:22.089,2.10234,2.10259,1.00,1.00
2015.08.07 10:03:22.140,2.10234,2.10262,1.00,1.00
2015.08.07 10:03:22.191,2.10232,2.10262,1.00,1.00
2015.08.07 10:03:22.528,2.10225,2.10254,1.00,1.00
2015.08.07 10:03:23.043,2.10226,2.10253,1.00,1.00
2015.08.07 10:03:23.245,2.10225,2.10255,1.00,1.00
2015.08.07 10:03:23.296,2.10223,2.10254,1.00,1.00
2015.08.07 10:03:24.318,2.10225,2.10255,1.00,1.00
2015.08.07 10:03:28.955,2.10225,2.10254,1.00,1.00
2015.08.07 10:03:31.460,2.10225,2.10255,1.00,1.00
2015.08.07 10:03:32.954,2.10222,2.10253,1.00,1.00
2015.08.07 10:03:34.553,2.10226,2.10253,1.00,1.00
2015.08.07 10:03:35.900,2.10224,2.10254,1.00,1.50
2015.08.07 10:03:36.519,2.10224,2.10253,1.00,1.00
2015.08.07 10:03:37.042,2.10224,2.10254,1.00,1.50
2015.08.07 10:03:37.098,2.10227,2.10254,1.00,1.00
2015.08.07 10:03:41.037,2.10227,2.10253,1.00,1.00
2015.08.07 10:03:41.088,2.10223,2.10253,1.00,1.00
2015.08.07 10:03:41.356,2.10223,2.10255,1.00,1.00
2015.08.07 10:03:41.616,2.10223,2.10253,1.00,1.00
2015.08.07 10:03:43.557,2.10223,2.10252,1.00,1.00
2015.08.07 10:03:48.294,2.10223,2.10253,1.00,1.50
2015.08.07 10:03:48.810,2.10224,2.10253,1.00,1.50
2015.08.07 10:03:49.389,2.10222,2.10253,1.00,1.50
2015.08.07 10:03:53.128,2.10222,2.10252,1.00,1.00
2015.08.07 10:03:53.942,2.10219,2.10251,1.00,1.00
2015.08.07 10:03:55.825,2.10223,2.10252,1.00,1.00
2015.08.07 10:03:56.130,2.10222,2.1025,1.00,1.00
2015.08.07 10:03:56.181,2.10216,2.10245,1.00,1.00
2015.08.07 10:03:56.232,2.10215,2.10243,1.00,1.00
2015.08.07 10:03:56.535,2.10217,2.10241,1.00,1.00
2015.08.07 10:03:56.636,2.10215,2.10241,1.00,1.00
2015.08.07 10:03:59.021,2.10215,2.10241,1.34,1.00
2015.08.07 10:03:59.071,2.10217,2.10245,1.34,1.00
2015.08.07 10:03:59.173,2.10238,2.10248,1.00,1.00
2015.08.07 10:03:59.224,2.10238,2.1026,1.00,1.00
2015.08.07 10:03:59.325,2.10239,2.10264,1.00,1.00
2015.08.07 10:03:59.376,2.10236,2.10266,1.00,1.00
2015.08.07 10:03:59.427,2.10243,2.10276,1.00,1.00
2015.08.07 10:03:59.528,2.10245,2.10276,1.00,1.00
2015.08.07 10:03:59.579,2.10245,2.10278,1.00,1.00
2015.08.07 10:03:59.630,2.10245,2.10283,1.00,1.00
2015.08.07 10:03:59.731,2.10248,2.10283,1.00,1.00
2015.08.07 10:04:00.111,2.10258,2.1028,1.00,1.00
2015.08.07 10:04:00.161,2.10258,2.10283,1.00,1.00
2015.08.07 10:04:00.313,2.10254,2.10283,1.00,1.00
2015.08.07 10:04:00.364,2.10254,2.10279,1.00,1.00
2015.08.07 10:04:00.667,2.10249,2.10279,1.00,1.00
2015.08.07 10:04:00.768,2.10249,2.10276,1.00,1.00
2015.08.07 10:04:01.118,2.10253,2.10278,1.00,1.00
2015.08.07 10:04:01.523,2.10251,2.10279,1.00,1.00
2015.08.07 10:04:02.954,2.10253,2.10279,1.00,1.00
2015.08.07 10:04:03.156,2.10252,2.10281,1.00,1.00
2015.08.07 10:04:03.474,2.10254,2.10281,1.00,1.00
2015.08.07 10:04:03.576,2.10251,2.10281,1.50,1.00
2015.08.07 10:04:03.728,2.10257,2.10281,1.00,1.00
2015.08.07 10:04:03.829,2.10259,2.10286,1.00,1.00
2015.08.07 10:04:04.031,2.10264,2.10289,1.00,1.00
2015.08.07 10:04:04.536,2.10263,2.10289,1.00,1.00
2015.08.07 10:04:04.803,2.1026,2.10289,1.00,1.00
2015.08.07 10:04:04.905,2.10258,2.10289,1.00,1.00
2015.08.07 10:04:05.480,2.10259,2.10289,1.00,1.00
2015.08.07 10:04:06.035,2.1026,2.10289,1.00,1.00
2015.08.07 10:04:06.536,2.10261,2.10289,1.00,1.00
2015.08.07 10:04:06.587,2.10256,2.10289,1.50,1.00
2015.08.07 10:04:06.789,2.10255,2.10286,1.00,1.00
2015.08.07 10:04:07.142,2.10255,2.10282,1.00,1.00
2015.08.07 10:04:07.243,2.10249,2.10282,1.00,1.00
2015.08.07 10:04:08.095,2.1025,2.10282,1.00,1.00
2015.08.07 10:04:08.347,2.10255,2.10286,1.00,1.00
2015.08.07 10:04:10.492,2.1025,2.1028,1.00,1.00
2015.08.07 10:04:10.806,2.1025,2.10277,1.00,1.00
2015.08.07 10:04:11.610,2.10251,2.10277,1.00,1.00
2015.08.07 10:04:12.179,2.10253,2.10277,1.00,1.00
2015.08.07 10:04:12.381,2.10253,2.1028,1.00,1.00
2015.08.07 10:04:15.228,2.10252,2.1028,1.00,1.00
2015.08.07 10:04:15.789,2.10251,2.1028,1.00,1.00
2015.08.07 10:04:16.314,2.10252,2.1028,1.00,1.00
2015.08.07 10:04:16.757,2.10253,2.10283,1.00,1.00
2015.08.07 10:04:16.810,2.10255,2.10283,1.00,1.00
2015.08.07 10:04:16.861,2.10256,2.10286,1.00,1.00
2015.08.07 10:04:16.912,2.10258,2.10286,1.00,1.00
2015.08.07 10:04:17.037,2.10256,2.10286,1.50,1.00
2015.08.07 10:04:17.236,2.10259,2.10286,1.00,1.00
2015.08.07 10:04:17.338,2.10256,2.10286,1.12,1.00
2015.08.07 10:04:17.920,2.10258,2.10286,1.00,1.00
2015.08.07 10:04:18.995,2.10259,2.10289,1.00,1.00
2015.08.07 10:04:19.045,2.10262,2.10292,1.00,1.00
2015.08.07 10:04:19.349,2.10267,2.10292,1.00,1.00
2015.08.07 10:04:19.827,2.10262,2.10289,1.00,1.00
2015.08.07 10:04:19.878,2.10259,2.10289,1.50,1.00
2015.08.07 10:04:19.979,2.10258,2.10286,1.00,1.00
2015.08.07 10:04:20.283,2.10262,2.10286,1.00,1.00
2015.08.07 10:04:20.434,2.10259,2.10286,1.00,1.00
2015.08.07 10:04:20.536,2.10262,2.10286,1.00,1.00
2015.08.07 10:04:21.003,2.10262,2.10289,1.00,1.00
2015.08.07 10:04:21.212,2.10264,2.10293,1.00,1.00
2015.08.07 10:04:21.314,2.10266,2.10295,1.00,1.00
2015.08.07 10:04:21.617,2.10269,2.10295,1.00,1.00
2015.08.07 10:04:21.667,2.10266,2.10295,1.00,1.00
2015.08.07 10:04:21.769,2.10268,2.10295,1.00,1.00
2015.08.07 10:04:22.961,2.1027,2.10295,1.00,1.00
2015.08.07 10:04:23.420,2.10267,2.10295,1.50,1.00
2015.08.07 10:04:23.975,2.1027,2.10295,1.00,1.00
2015.08.07 10:04:24.524,2.10271,2.10295,1.00,1.00
2015.08.07 10:04:24.726,2.10268,2.10295,1.00,1.00
2015.08.07 10:04:25.682,2.10271,2.10293,1.00,1.00
2015.08.07 10:04:25.733,2.10264,2.10293,1.00,1.00
2015.08.07 10:04:25.834,2.10262,2.10293,1.00,1.00
2015.08.07 10:04:25.936,2.1026,2.1029,1.12,1.00
2015.08.07 10:04:26.370,2.10258,2.1029,1.50,1.00
2015.08.07 10:04:26.951,2.10261,2.1029,1.00,1.00
2015.08.07 10:04:27.052,2.10258,2.1029,1.50,1.00
2015.08.07 10:04:27.323,2.10258,2.10282,1.00,1.00
2015.08.07 10:04:27.375,2.10256,2.10282,1.00,1.00
2015.08.07 10:04:27.426,2.10256,2.10279,1.00,1.00
2015.08.07 10:04:28.153,2.10257,2.10279,1.00,1.00
2015.08.07 10:04:28.409,2.10258,2.10285,1.00,1.00
2015.08.07 10:04:28.561,2.10258,2.10288,1.00,1.00
2015.08.07 10:04:29.133,2.10257,2.10288,1.00,1.00
2015.08.07 10:04:30.234,2.1026,2.10288,1.00,1.00
2015.08.07 10:04:30.386,2.1026,2.1029,1.00,1.00
2015.08.07 10:04:30.789,2.10259,2.10287,1.00,1.00
2015.08.07 10:04:31.296,2.1026,2.10287,1.00,1.00
2015.08.07 10:04:31.800,2.10261,2.10287,1.00,1.00
2015.08.07 10:04:32.971,2.10262,2.10289,1.00,1.00
2015.08.07 10:04:33.623,2.10271,2.103,1.00,1.00
2015.08.07 10:04:33.674,2.10271,2.10302,1.00,1.00
2015.08.07 10:04:33.725,2.10273,2.10302,1.00,1.00
2015.08.07 10:04:33.827,2.10274,2.10304,1.00,1.00
2015.08.07 10:04:33.877,2.10277,2.10304,1.00,1.00
2015.08.07 10:04:34.282,2.10277,2.10307,1.00,1.00
2015.08.07 10:04:34.713,2.1029,2.10307,1.00,1.00
2015.08.07 10:04:34.989,2.10292,2.10334,1.50,1.00
2015.08.07 10:04:35.040,2.10294,2.10336,1.00,1.00
2015.08.07 10:04:35.355,2.103,2.10329,1.00,1.00
2015.08.07 10:04:35.665,2.103,2.10325,1.00,1.00
2015.08.07 10:04:36.205,2.10309,2.10325,1.00,1.00
2015.08.07 10:04:36.256,2.10309,2.10337,1.50,1.00
2015.08.07 10:04:36.307,2.10313,2.10337,1.00,1.00
2015.08.07 10:04:36.358,2.10313,2.10352,1.00,1.00
2015.08.07 10:04:36.409,2.10316,2.10357,1.00,1.00
2015.08.07 10:04:36.510,2.10314,2.10356,1.00,1.00
2015.08.07 10:04:36.611,2.10313,2.10344,1.50,1.00
2015.08.07 10:04:36.914,2.10309,2.10339,1.00,1.00
2015.08.07 10:04:37.015,2.10311,2.10342,1.00,1.00
2015.08.07 10:04:37.875,2.1031,2.10339,1.00,1.00
2015.08.07 10:04:38.027,2.10306,2.10337,1.00,1.00
2015.08.07 10:04:38.128,2.103,2.10325,1.00,1.00
2015.08.07 10:04:38.179,2.10302,2.10333,1.00,1.00
2015.08.07 10:04:38.230,2.10299,2.10332,1.00,1.00
2015.08.07 10:04:38.331,2.10297,2.10327,1.00,1.00
2015.08.07 10:04:38.382,2.10295,2.10327,1.00,1.00
2015.08.07 10:04:38.818,2.10297,2.10327,1.00,1.00
2015.08.07 10:04:39.251,2.10297,2.10325,1.00,1.00
2015.08.07 10:04:39.554,2.10301,2.10327,1.00,1.00
2015.08.07 10:04:39.917,2.10296,2.10327,1.00,1.00
2015.08.07 10:04:40.120,2.10294,2.10324,1.00,1.00
2015.08.07 10:04:43.005,2.10295,2.10324,1.00,1.00
2015.08.07 10:04:44.207,2.10297,2.10324,1.00,1.00
2015.08.07 10:04:45.413,2.10296,2.10324,1.00,1.00
2015.08.07 10:04:45.949,2.10292,2.10321,1.00,1.00
2015.08.07 10:04:46.000,2.10293,2.10324,1.00,1.00
2015.08.07 10:04:46.303,2.1029,2.10321,1.00,1.00
2015.08.07 10:04:46.840,2.1029,2.10321,1.37,1.00
2015.08.07 10:04:47.346,2.1029,2.10321,1.00,1.00
2015.08.07 10:04:49.014,2.10291,2.10321,1.00,1.00
2015.08.07 10:04:49.289,2.10306,2.10337,1.50,1.00
2015.08.07 10:04:49.744,2.10309,2.10337,1.00,1.00
2015.08.07 10:04:49.795,2.10309,2.1034,1.87,1.00
2015.08.07 10:04:49.897,2.10312,2.10343,1.50,1.00
2015.08.07 10:04:49.948,2.10314,2.10347,1.00,1.00
2015.08.07 10:04:50.316,2.10317,2.1035,1.00,1.00
2015.08.07 10:04:50.923,2.10318,2.1035,1.00,1.00
2015.08.07 10:04:51.279,2.10318,2.10347,1.00,1.00
2015.08.07 10:04:51.330,2.10314,2.10347,1.00,1.00
2015.08.07 10:04:51.482,2.10313,2.10341,1.00,1.00
2015.08.07 10:04:51.583,2.10313,2.10345,1.00,1.00
2015.08.07 10:04:52.413,2.10312,2.10345,1.00,1.00
2015.08.07 10:04:52.565,2.10309,2.10339,1.00,1.00
2015.08.07 10:04:54.001,2.1031,2.10339,1.00,1.00
2015.08.07 10:04:54.102,2.1031,2.10343,1.87,1.00
2015.08.07 10:04:54.625,2.1031,2.10343,1.37,1.00
2015.08.07 10:04:55.094,2.10313,2.10343,1.00,1.00
2015.08.07 10:04:55.385,2.10316,2.10347,1.12,1.00
2015.08.07 10:04:56.740,2.10317,2.10347,1.00,1.00
2015.08.07 10:05:00.260,2.10317,2.10347,1.37,1.00
2015.08.07 10:05:00.819,2.10317,2.10347,1.87,1.00
2015.08.07 10:05:01.268,2.10317,2.10347,1.50,1.00
2015.08.07 10:05:01.370,2.10318,2.10349,1.00,1.00
2015.08.07 10:05:02.287,2.10318,2.10349,1.37,1.00
2015.08.07 10:05:02.690,2.1032,2.10353,1.12,1.00
2015.08.07 10:05:02.741,2.10323,2.10353,1.00,1.00
2015.08.07 10:05:03.045,2.10329,2.1036,1.37,1.00
2015.08.07 10:05:03.577,2.10332,2.1036,1.00,1.00
2015.08.07 10:05:03.830,2.1033,2.10363,1.87,1.00
2015.08.07 10:05:04.236,2.10334,2.10365,1.00,1.00
2015.08.07 10:05:04.539,2.10336,2.10365,1.00,1.00
2015.08.07 10:05:04.589,2.10336,2.10368,1.00,1.00
2015.08.07 10:05:04.741,2.10339,2.10368,1.00,1.00
2015.08.07 10:05:04.897,2.10336,2.10368,1.00,1.00
2015.08.07 10:05:05.049,2.10336,2.10364,1.00,1.00
2015.08.07 10:05:05.584,2.10335,2.10364,1.00,1.00
2015.08.07 10:05:05.887,2.10337,2.10364,1.00,1.00
2015.08.07 10:05:06.291,2.10335,2.10364,1.00,1.00
2015.08.07 10:05:07.063,2.10333,2.10364,1.00,1.00
2015.08.07 10:05:09.788,2.10333,2.10361,1.00,1.00
2015.08.07 10:05:10.045,2.10329,2.10361,3.00,1.00
2015.08.07 10:05:10.197,2.10329,2.10359,2.25,1.00
2015.08.07 10:05:10.707,2.10329,2.10355,1.50,1.00
2015.08.07 10:05:12.503,2.10324,2.10355,1.00,1.00
2015.08.07 10:05:12.757,2.10321,2.10352,1.00,1.00
2015.08.07 10:05:12.808,2.10317,2.1035,1.50,1.00
2015.08.07 10:05:15.691,2.10312,2.10344,1.00,1.00
2015.08.07 10:05:16.368,2.10308,2.10337,2.25,1.00
2015.08.07 10:05:16.519,2.10304,2.10334,1.50,1.00
2015.08.07 10:05:16.621,2.103,2.10332,1.50,1.00
2015.08.07 10:05:16.671,2.10304,2.10335,1.00,1.00
2015.08.07 10:05:16.974,2.103,2.10331,1.00,1.00
2015.08.07 10:05:17.428,2.10303,2.10331,1.00,1.00
2015.08.07 10:05:17.530,2.10304,2.10335,1.50,1.00
2015.08.07 10:05:17.788,2.10311,2.10339,1.00,1.00
2015.08.07 10:05:17.839,2.10308,2.10339,1.00,1.00
2015.08.07 10:05:18.041,2.10307,2.10336,1.00,1.00
2015.08.07 10:05:18.344,2.10303,2.10331,1.00,1.00
2015.08.07 10:05:18.395,2.10301,2.10331,1.00,1.00
2015.08.07 10:05:19.084,2.10304,2.10335,1.00,1.00
2015.08.07 10:05:19.493,2.10304,2.10335,1.37,1.00
2015.08.07 10:05:19.999,2.10303,2.10335,1.37,1.00
2015.08.07 10:05:20.100,2.10303,2.10335,1.00,1.00
2015.08.07 10:05:21.168,2.10305,2.10335,1.00,1.00
2015.08.07 10:05:22.118,2.10307,2.10335,1.00,1.00
2015.08.07 10:05:22.270,2.10304,2.10335,1.37,1.00
2015.08.07 10:05:22.938,2.10304,2.10335,1.00,1.00
2015.08.07 10:05:23.140,2.10302,2.10335,1.00,1.00
2015.08.07 10:05:23.670,2.10301,2.10334,2.25,1.00
2015.08.07 10:05:28.188,2.10302,2.10334,1.00,1.00
2015.08.07 10:05:28.744,2.10303,2.10334,1.00,1.00
2015.08.07 10:05:29.968,2.10302,2.10334,1.00,1.00
2015.08.07 10:05:32.066,2.10303,2.10334,1.00,1.00
2015.08.07 10:05:32.220,2.10306,2.10337,1.00,1.00
2015.08.07 10:05:32.523,2.1031,2.10341,1.00,1.00
2015.08.07 10:05:32.675,2.10305,2.10338,1.00,1.00
2015.08.07 10:05:32.900,2.10302,2.10333,1.00,1.00
2015.08.07 10:05:33.203,2.10306,2.10329,1.00,1.00
2015.08.07 10:05:33.809,2.10307,2.10332,1.00,1.00
2015.08.07 10:05:34.480,2.10308,2.10332,1.00,1.00
2015.08.07 10:05:34.531,2.10314,2.10337,1.00,1.00
2015.08.07 10:05:35.444,2.1031,2.10335,1.00,1.00
2015.08.07 10:05:36.102,2.10312,2.10335,1.00,1.00
2015.08.07 10:05:36.405,2.10315,2.10338,1.00,1.00
2015.08.07 10:05:36.744,2.10315,2.10336,1.00,1.00
2015.08.07 10:05:36.946,2.10312,2.10335,1.00,1.00
2015.08.07 10:05:37.250,2.10308,2.10333,1.00,1.00
2015.08.07 10:05:37.351,2.10305,2.10328,1.00,1.00
2015.08.07 10:05:37.654,2.10308,2.10331,1.00,1.00
2015.08.07 10:05:38.755,2.10304,2.10329,1.50,1.00
2015.08.07 10:05:42.532,2.10307,2.1033,1.00,1.00
2015.08.07 10:05:44.135,2.1031,2.10333,1.00,1.00
2015.08.07 10:05:44.558,2.10308,2.10331,1.00,1.00
2015.08.07 10:05:50.490,2.10299,2.10319,1.00,1.00
2015.08.07 10:05:50.592,2.10296,2.10319,1.00,1.00
2015.08.07 10:05:50.693,2.10293,2.10315,1.00,1.00
2015.08.07 10:05:50.845,2.1028,2.10304,1.50,1.00
2015.08.07 10:05:51.047,2.10281,2.10306,1.00,1.00
2015.08.07 10:05:56.955,2.10285,2.10308,1.00,1.00
2015.08.07 10:05:57.259,2.10289,2.10311,1.00,1.00
2015.08.07 10:06:01.932,2.10292,2.10315,1.00,1.00
2015.08.07 10:06:07.012,2.10295,2.10318,1.00,1.00
2015.08.07 10:06:07.479,2.10303,2.10324,1.00,1.00
2015.08.07 10:06:07.934,2.10296,2.1032,1.00,1.00
2015.08.07 10:06:08.086,2.10294,2.10317,1.00,1.00
2015.08.07 10:06:08.389,2.10288,2.10308,1.00,1.00
2015.08.07 10:06:08.595,2.10288,2.10312,1.00,1.00
2015.08.07 10:06:08.916,2.10291,2.10313,1.00,1.00
2015.08.07 10:06:09.694,2.10292,2.10313,1.00,1.00
2015.08.07 10:06:10.242,2.10291,2.10313,1.50,1.00
2015.08.07 10:06:10.905,2.10294,2.10313,1.00,1.00
2015.08.07 10:06:11.057,2.10296,2.10319,1.00,1.00
2015.08.07 10:06:11.744,2.10293,2.10316,1.00,1.00
2015.08.07 10:06:13.076,2.10288,2.10313,1.00,1.00
2015.08.07 10:06:16.542,2.10282,2.10305,1.00,1.00
2015.08.07 10:06:22.554,2.10284,2.10305,1.00,1.00
2015.08.07 10:06:23.061,2.10289,2.10312,1.00,1.00
2015.08.07 10:06:23.465,2.10283,2.10308,1.00,1.00
2015.08.07 10:06:23.617,2.1028,2.10305,1.00,1.00
2015.08.07 10:06:24.178,2.10277,2.103,1.00,1.00
2015.08.07 10:06:24.481,2.10281,2.10306,1.00,1.00
2015.08.07 10:06:24.582,2.10283,2.10308,1.00,1.00
2015.08.07 10:06:25.620,2.10281,2.10306,1.00,1.00
2015.08.07 10:06:35.912,2.10279,2.10303,1.00,1.00
2015.08.07 10:06:36.217,2.10277,2.103,1.00,1.00
2015.08.07 10:06:39.450,2.10282,2.103,1.00,1.00
2015.08.07 10:06:39.501,2.10282,2.10306,1.50,1.00
2015.08.07 10:06:39.762,2.10288,2.10311,1.00,1.00
2015.08.07 10:06:40.065,2.10294,2.10316,1.00,1.00
2015.08.07 10:06:40.622,2.10288,2.10311,1.00,1.00
2015.08.07 10:06:40.888,2.10283,2.10306,1.00,1.00
2015.08.07 10:06:41.495,2.10289,2.10312,1.00,1.00
2015.08.07 10:06:42.286,2.10291,2.10314,1.00,1.00
2015.08.07 10:06:42.387,2.10286,2.10311,1.00,1.00
2015.08.07 10:06:42.488,2.10285,2.10308,1.00,1.00
2015.08.07 10:06:42.791,2.10282,2.10305,1.00,1.00
2015.08.07 10:06:43.343,2.10284,2.10307,1.00,1.00
2015.08.07 10:06:43.495,2.10288,2.10313,1.00,1.00
2015.08.07 10:06:43.646,2.10286,2.10309,1.00,1.00
2015.08.07 10:06:44.101,2.10283,2.10306,1.00,1.00
2015.08.07 10:06:56.116,2.10286,2.10309,1.00,1.00
2015.08.07 10:06:59.607,2.10288,2.10313,1.00,1.00
2015.08.07 10:07:02.543,2.10291,2.10315,1.00,1.00
2015.08.07 10:07:03.509,2.10294,2.10317,1.00,1.00
2015.08.07 10:07:03.763,2.10298,2.10323,1.00,1.00
2015.08.07 10:07:03.865,2.10302,2.10327,1.00,1.00
2015.08.07 10:07:04.168,2.10302,2.10325,1.00,1.00
2015.08.07 10:07:04.472,2.10306,2.10329,1.00,1.00
2015.08.07 10:07:04.792,2.1031,2.10332,1.00,1.00
2015.08.07 10:07:05.405,2.10313,2.10337,1.00,1.00
2015.08.07 10:07:06.102,2.10305,2.10329,1.00,1.00
2015.08.07 10:07:06.409,2.10308,2.10332,1.00,1.00
2015.08.07 10:07:08.846,2.10305,2.1033,1.00,1.00
2015.08.07 10:07:12.708,2.10307,2.10332,1.00,1.00
2015.08.07 10:07:13.011,2.10307,2.1033,1.00,1.00
2015.08.07 10:07:13.062,2.10302,2.10327,1.00,1.00
2015.08.07 10:07:13.214,2.10304,2.10327,1.00,1.00
2015.08.07 10:07:13.265,2.103,2.10325,1.00,1.00
2015.08.07 10:07:13.476,2.10295,2.1032,1.00,1.00
2015.08.07 10:07:14.337,2.103,2.10323,1.00,1.00
2015.08.07 10:07:14.795,2.10304,2.10327,1.00,1.00
2015.08.07 10:07:18.126,2.10306,2.1033,1.00,1.00
2015.08.07 10:07:18.732,2.10309,2.10332,1.00,1.00
2015.08.07 10:07:19.235,2.10304,2.10329,1.00,1.00
2015.08.07 10:07:19.488,2.10302,2.10324,1.00,1.00
2015.08.07 10:07:20.298,2.10303,2.10328,1.00,1.00
2015.08.07 10:07:20.450,2.10308,2.1033,1.00,1.00
2015.08.07 10:07:22.929,2.10304,2.10328,1.00,1.00
2015.08.07 10:07:23.031,2.10301,2.10325,1.00,1.00
2015.08.07 10:07:23.334,2.10293,2.10316,1.00,1.00
2015.08.07 10:07:23.487,2.10283,2.10308,1.00,1.00
2015.08.07 10:07:24.026,2.10289,2.10311,1.00,1.00
2015.08.07 10:07:25.468,2.10291,2.10314,1.00,1.00
2015.08.07 10:07:29.306,2.10296,2.1032,1.00,1.00
2015.08.07 10:07:29.459,2.10298,2.10323,1.00,1.00
2015.08.07 10:07:30.459,2.10296,2.1032,1.00,1.00
2015.08.07 10:07:30.797,2.10299,2.10322,1.00,1.00
2015.08.07 10:07:31.907,2.10295,2.1032,1.00,1.00
2015.08.07 10:07:33.968,2.10298,2.10322,1.00,1.00
2015.08.07 10:07:34.372,2.10302,2.10326,1.00,1.00
2015.08.07 10:07:40.259,2.10304,2.10327,1.00,1.00
2015.08.07 10:07:40.795,2.10304,2.10328,1.00,1.00
2015.08.07 10:07:45.147,2.10301,2.10326,1.00,1.00
2015.08.07 10:07:45.299,2.10304,2.10328,1.00,1.00
2015.08.07 10:07:45.996,2.10301,2.10326,1.00,1.00
2015.08.07 10:07:46.249,2.10305,2.10327,1.00,1.00
2015.08.07 10:07:47.920,2.10324,2.10343,1.00,1.00
2015.08.07 10:07:47.970,2.10324,2.10347,1.00,1.00
2015.08.07 10:07:48.022,2.10325,2.10349,1.00,1.00
2015.08.07 10:07:48.326,2.10324,2.10346,1.00,1.00
2015.08.07 10:07:48.629,2.10318,2.1034,1.00,1.00
2015.08.07 10:07:48.984,2.10319,2.10344,1.00,1.00
2015.08.07 10:07:49.438,2.10328,2.1035,1.00,1.00
2015.08.07 10:07:49.742,2.1032,2.10342,1.00,1.00
2015.08.07 10:07:49.793,2.10322,2.10345,1.00,1.00
2015.08.07 10:07:50.225,2.10324,2.10345,1.00,1.00
2015.08.07 10:07:50.276,2.1033,2.10354,1.00,1.00
2015.08.07 10:07:51.084,2.10327,2.10349,1.00,1.00
2015.08.07 10:07:51.394,2.1032,2.10345,1.00,1.00
2015.08.07 10:07:51.546,2.10317,2.10342,1.00,1.00
2015.08.07 10:07:52.052,2.10321,2.10344,1.00,1.00
2015.08.07 10:07:52.203,2.10323,2.10348,1.00,1.00
2015.08.07 10:07:52.812,2.10323,2.10347,1.00,1.00
2015.08.07 10:07:52.863,2.1032,2.10342,1.00,1.00
2015.08.07 10:07:53.372,2.10322,2.10346,1.00,1.00
2015.08.07 10:07:53.474,2.10325,2.1035,1.00,1.00
2015.08.07 10:07:53.575,2.10328,2.10352,1.00,1.00
2015.08.07 10:07:54.036,2.10324,2.10356,1.00,1.00
2015.08.07 10:07:55.096,2.10328,2.10359,1.00,1.09
2015.08.07 10:07:55.584,2.10326,2.10357,1.00,1.00
2015.08.07 10:07:56.092,2.10326,2.10355,1.00,1.00
2015.08.07 10:07:56.345,2.10324,2.10354,1.00,1.00
2015.08.07 10:07:56.447,2.10321,2.10352,1.00,1.00
2015.08.07 10:07:56.809,2.10316,2.10347,1.00,1.00
2015.08.07 10:07:56.966,2.10309,2.10342,1.00,1.00
2015.08.07 10:07:57.571,2.10312,2.10344,1.00,1.00
2015.08.07 10:07:57.875,2.10319,2.10349,1.00,1.00
2015.08.07 10:08:05.496,2.10319,2.10348,1.00,1.00
2015.08.07 10:08:05.886,2.10315,2.10338,1.00,1.50
2015.08.07 10:08:06.089,2.10307,2.10332,1.00,1.00
2015.08.07 10:08:06.241,2.10306,2.10328,1.00,1.00
2015.08.07 10:08:08.213,2.10308,2.10333,1.00,1.00
2015.08.07 10:08:08.315,2.10312,2.10336,1.00,1.00
2015.08.07 10:08:08.684,2.10319,2.10341,1.00,1.00
2015.08.07 10:08:08.735,2.1032,2.10345,1.00,1.00
2015.08.07 10:08:09.357,2.10319,2.10342,1.00,1.00
2015.08.07 10:08:09.408,2.10315,2.10339,1.00,1.50
2015.08.07 10:08:09.510,2.10315,2.10335,1.00,1.00
2015.08.07 10:08:09.611,2.10304,2.10327,1.00,1.00
2015.08.07 10:08:10.469,2.10299,2.10324,1.00,1.00
2015.08.07 10:08:10.520,2.10298,2.1032,1.00,1.00
2015.08.07 10:08:10.925,2.10292,2.10316,1.00,1.00
2015.08.07 10:08:15.950,2.10296,2.1032,1.00,1.00
2015.08.07 10:08:16.304,2.10299,2.10323,1.00,1.00
2015.08.07 10:08:16.708,2.10302,2.10326,1.00,1.00
2015.08.07 10:08:17.124,2.10308,2.1033,1.00,1.00
2015.08.07 10:08:18.503,2.1031,2.10333,1.00,1.00
2015.08.07 10:08:18.706,2.10315,2.10337,1.00,1.00
2015.08.07 10:08:18.959,2.1031,2.10335,1.00,1.34
2015.08.07 10:08:19.010,2.10314,2.10336,1.00,1.34
2015.08.07 10:08:19.061,2.1031,2.10332,1.00,1.00
2015.08.07 10:08:19.162,2.10298,2.10323,1.00,1.00
2015.08.07 10:08:19.364,2.10291,2.10316,1.00,1.00
2015.08.07 10:08:19.908,2.10292,2.10315,1.00,1.00
2015.08.07 10:08:21.277,2.10288,2.10312,1.00,1.00
2015.08.07 10:08:21.479,2.10285,2.1031,1.00,1.00
2015.08.07 10:08:26.127,2.10284,2.10306,1.00,1.00
2015.08.07 10:08:26.430,2.10281,2.10303,1.00,1.00
2015.08.07 10:08:26.683,2.10278,2.10301,1.00,1.00
2015.08.07 10:08:27.215,2.10276,2.10309,1.00,1.00
2015.08.07 10:08:27.316,2.1028,2.10309,1.00,1.00
2015.08.07 10:08:27.418,2.10276,2.10309,1.50,1.00
2015.08.07 10:08:27.569,2.10278,2.10309,1.00,1.00
2015.08.07 10:08:27.620,2.10281,2.10314,1.00,1.12
2015.08.07 10:08:27.923,2.10284,2.10317,1.00,1.00
2015.08.07 10:08:28.290,2.10289,2.1032,1.00,1.00
2015.08.07 10:08:30.827,2.10293,2.10316,1.00,1.00
2015.08.07 10:08:32.832,2.1029,2.10312,1.00,1.00
2015.08.07 10:08:33.215,2.10286,2.10311,1.00,1.00
2015.08.07 10:08:34.134,2.10283,2.10308,1.00,1.00
2015.08.07 10:08:34.463,2.10269,2.10292,1.00,1.00
2015.08.07 10:08:34.564,2.10266,2.10299,1.00,1.00
2015.08.07 10:08:34.615,2.10263,2.10299,1.00,1.12
2015.08.07 10:08:34.716,2.10263,2.10293,1.00,1.00
2015.08.07 10:08:35.020,2.10258,2.10287,1.00,1.00
2015.08.07 10:08:35.413,2.1026,2.1029,1.00,1.00
2015.08.07 10:08:35.766,2.10264,2.10295,1.00,1.00
2015.08.07 10:08:35.868,2.10267,2.10297,1.00,1.00
2015.08.07 10:08:36.701,2.10264,2.10294,1.00,1.00
2015.08.07 10:08:41.662,2.1026,2.10293,1.00,1.00
2015.08.07 10:08:42.845,2.10263,2.10295,1.50,1.00
2015.08.07 10:08:44.293,2.10262,2.10289,1.00,1.00
2015.08.07 10:08:44.398,2.10261,2.10294,1.00,1.00
2015.08.07 10:08:45.206,2.1026,2.1029,1.00,1.00
2015.08.07 10:08:46.079,2.10258,2.10289,1.00,1.00
2015.08.07 10:08:46.130,2.10256,2.10289,1.00,1.00
2015.08.07 10:08:46.180,2.10256,2.10285,1.00,1.00
2015.08.07 10:08:46.282,2.10245,2.10275,1.50,1.00
2015.08.07 10:08:46.333,2.10245,2.10273,1.00,1.00
2015.08.07 10:08:46.794,2.10247,2.10271,1.00,1.00
2015.08.07 10:08:47.452,2.10249,2.10279,1.00,1.00
2015.08.07 10:08:47.654,2.1025,2.10283,1.00,1.50
2015.08.07 10:08:48.240,2.10253,2.10283,1.50,1.00
2015.08.07 10:08:48.291,2.10253,2.10285,1.50,1.00
2015.08.07 10:08:48.797,2.10249,2.10279,1.00,1.00
2015.08.07 10:08:49.673,2.10253,2.10283,1.00,1.00
2015.08.07 10:08:52.050,2.10249,2.10277,1.00,1.00
2015.08.07 10:08:52.695,2.10248,2.10277,1.00,1.00
2015.08.07 10:08:54.473,2.1025,2.10283,1.00,1.00
2015.08.07 10:08:54.574,2.10253,2.10286,1.00,1.00
2015.08.07 10:08:54.877,2.10252,2.10282,1.50,1.00
2015.08.07 10:08:56.620,2.10253,2.10285,1.00,1.00
2015.08.07 10:09:02.111,2.10255,2.10285,1.00,1.00
2015.08.07 10:09:02.212,2.10255,2.10287,1.50,1.00
2015.08.07 10:09:02.263,2.10259,2.10291,1.00,1.00
2015.08.07 10:09:02.568,2.10262,2.10293,1.00,1.00
2015.08.07 10:09:03.073,2.10265,2.10293,1.00,1.00
2015.08.07 10:09:03.299,2.10269,2.10299,1.00,1.00
2015.08.07 10:09:03.355,2.10269,2.10301,1.00,1.00
2015.08.07 10:09:09.939,2.10273,2.10301,1.00,1.00
2015.08.07 10:09:10.041,2.10274,2.10306,1.37,1.00
2015.08.07 10:09:10.143,2.10278,2.10308,1.00,1.00
2015.08.07 10:09:10.244,2.10284,2.10316,1.00,1.50
2015.08.07 10:09:12.191,2.10284,2.10315,1.00,1.00
2015.08.07 10:09:13.003,2.10284,2.10317,1.00,1.00
2015.08.07 10:09:15.953,2.10286,2.10317,1.00,1.00
2015.08.07 10:09:18.783,2.10288,2.10318,1.00,1.00
2015.08.07 10:09:20.791,2.10292,2.10318,1.00,1.00
2015.08.07 10:09:20.892,2.10296,2.10327,1.50,1.00
2015.08.07 10:09:20.943,2.10296,2.10324,1.00,1.00
2015.08.07 10:09:20.994,2.10294,2.10324,1.00,1.00
2015.08.07 10:09:21.575,2.10303,2.10324,1.00,1.00
2015.08.07 10:09:21.634,2.10303,2.10332,1.00,1.00
2015.08.07 10:09:21.685,2.10305,2.10332,1.00,1.00
2015.08.07 10:09:21.736,2.10305,2.10334,1.00,1.00
2015.08.07 10:09:21.838,2.10305,2.10331,1.00,1.00
2015.08.07 10:09:21.990,2.10303,2.10331,1.00,1.00
2015.08.07 10:09:22.092,2.103,2.10331,1.00,1.00
2015.08.07 10:09:22.143,2.10298,2.10328,1.00,1.00
2015.08.07 10:09:22.396,2.103,2.10332,1.50,1.00
2015.08.07 10:09:22.800,2.10301,2.10328,1.00,1.00
2015.08.07 10:09:23.104,2.10301,2.10331,1.50,1.00
2015.08.07 10:09:24.063,2.10297,2.1033,1.50,1.00
2015.08.07 10:09:28.819,2.103,2.1033,1.00,1.00
2015.08.07 10:09:29.387,2.10297,2.1033,1.50,1.00
2015.08.07 10:09:29.589,2.103,2.1033,1.00,1.00
2015.08.07 10:09:29.741,2.103,2.10333,1.50,1.00
2015.08.07 10:09:29.995,2.10305,2.10333,1.00,1.00
2015.08.07 10:09:30.500,2.10306,2.10333,1.00,1.00
2015.08.07 10:09:30.602,2.10303,2.10333,1.00,1.00
2015.08.07 10:09:30.703,2.10307,2.10338,1.00,1.00
2015.08.07 10:09:32.650,2.10308,2.10338,1.00,1.00
2015.08.07 10:09:32.899,2.10312,2.10341,1.00,1.00
2015.08.07 10:09:33.202,2.10309,2.10341,1.50,1.00
2015.08.07 10:09:33.404,2.10309,2.10337,1.00,1.00
2015.08.07 10:09:33.455,2.10307,2.10337,1.50,1.00
2015.08.07 10:09:33.506,2.1031,2.10338,1.00,1.00
2015.08.07 10:09:33.607,2.10306,2.10338,1.00,1.50
2015.08.07 10:09:35.107,2.10308,2.10338,1.00,1.50
2015.08.07 10:09:37.602,2.10306,2.10338,1.50,1.00
2015.08.07 10:09:41.296,2.10306,2.10334,1.50,1.00
2015.08.07 10:09:41.700,2.10304,2.10334,1.50,1.50
2015.08.07 10:09:44.859,2.10306,2.10334,1.00,1.50
2015.08.07 10:09:45.530,2.10305,2.10334,1.00,1.50
2015.08.07 10:09:45.833,2.10308,2.10334,1.00,1.50
2015.08.07 10:09:50.873,2.10307,2.10334,1.00,1.00
2015.08.07 10:09:51.126,2.10304,2.10334,1.50,1.00
2015.08.07 10:09:54.853,2.10304,2.10329,1.00,1.00
2015.08.07 10:09:55.192,2.10304,2.10324,1.50,1.00
2015.08.07 10:09:55.399,2.10304,2.10328,1.50,1.00
2015.08.07 10:09:57.245,2.10297,2.10319,1.00,1.00
2015.08.07 10:09:57.502,2.10294,2.10319,1.00,1.00
2015.08.07 10:09:57.704,2.10292,2.10321,1.00,1.00
2015.08.07 10:09:57.806,2.10292,2.10319,1.00,1.00
2015.08.07 10:09:58.110,2.10294,2.10318,1.00,1.00
2015.08.07 10:09:58.375,2.10291,2.10318,1.00,1.00
2015.08.07 10:09:58.425,2.10294,2.10318,1.00,1.00
2015.08.07 10:09:59.334,2.10294,2.10314,1.00,1.00
2015.08.07 10:09:59.617,2.10291,2.10314,1.00,1.00
2015.08.07 10:10:00.074,2.10293,2.10314,1.00,1.00
2015.08.07 10:10:00.587,2.10293,2.10313,1.00,1.00
2015.08.07 10:10:01.061,2.10286,2.1031,1.00,1.00
2015.08.07 10:10:01.898,2.10288,2.1031,1.00,1.00
2015.08.07 10:10:02.228,2.10286,2.1031,1.00,1.00
2015.08.07 10:10:03.182,2.10286,2.10309,1.00,1.00
2015.08.07 10:10:03.717,2.10286,2.1031,1.50,1.00
2015.08.07 10:10:05.628,2.10288,2.10312,1.00,1.00
2015.08.07 10:10:13.849,2.10293,2.10316,1.00,1.00
2015.08.07 10:10:15.786,2.10297,2.1032,1.00,1.50
2015.08.07 10:10:17.256,2.10297,2.10318,1.00,1.00
2015.08.07 10:10:17.804,2.10297,2.10319,1.00,1.00
2015.08.07 10:10:18.469,2.10297,2.1032,1.00,1.50
2015.08.07 10:10:20.881,2.10297,2.10322,1.00,1.00
2015.08.07 10:10:24.998,2.10295,2.10319,1.00,1.00
2015.08.07 10:10:25.316,2.10295,2.10314,1.00,1.00
2015.08.07 10:10:25.541,2.10292,2.10314,1.00,1.00
2015.08.07 10:10:25.693,2.1029,2.10311,1.00,1.00
2015.08.07 10:10:25.897,2.10287,2.10311,1.00,1.00
2015.08.07 10:10:26.434,2.10287,2.10308,1.00,1.00
2015.08.07 10:10:26.940,2.10286,2.10308,1.00,1.00
2015.08.07 10:10:27.739,2.10287,2.10312,1.00,1.00
2015.08.07 10:10:29.612,2.10291,2.10313,1.00,1.00
2015.08.07 10:10:29.714,2.10287,2.10312,1.00,1.00
2015.08.07 10:10:30.489,2.10289,2.10314,1.00,1.00
2015.08.07 10:10:31.766,2.10292,2.10317,1.00,1.00
2015.08.07 10:10:37.550,2.10295,2.10317,1.00,1.00
2015.08.07 10:10:37.702,2.10296,2.10321,1.00,1.34
2015.08.07 10:10:39.119,2.10294,2.10316,1.00,1.00
2015.08.07 10:10:41.307,2.10287,2.10311,1.00,1.00
2015.08.07 10:10:41.612,2.10285,2.10307,1.00,1.00
2015.08.07 10:10:41.977,2.10278,2.10301,1.00,1.00
2015.08.07 10:10:45.679,2.10276,2.10299,1.00,1.00
2015.08.07 10:10:46.140,2.10272,2.10297,1.00,1.00
2015.08.07 10:10:46.343,2.10274,2.10297,1.00,1.00
2015.08.07 10:10:46.698,2.10282,2.10305,1.00,1.00
2015.08.07 10:10:50.736,2.10279,2.10304,1.00,1.00
2015.08.07 10:10:51.149,2.10277,2.103,1.00,1.00
2015.08.07 10:10:51.453,2.10276,2.10295,1.00,1.00
2015.08.07 10:10:51.504,2.10276,2.10298,1.50,1.00
2015.08.07 10:10:51.830,2.10278,2.10301,1.00,1.00
2015.08.07 10:10:54.622,2.10281,2.10303,1.00,1.00
2015.08.07 10:11:02.759,2.10278,2.10301,1.00,1.00
2015.08.07 10:11:03.797,2.1028,2.10305,1.00,1.00
2015.08.07 10:11:04.303,2.1028,2.10304,1.00,1.00
2015.08.07 10:11:06.205,2.10283,2.10304,1.00,1.00
2015.08.07 10:11:09.883,2.10283,2.10306,1.00,1.00
2015.08.07 10:11:14.023,2.10283,2.10306,1.00,1.34
2015.08.07 10:11:14.298,2.10274,2.10297,1.00,1.00
2015.08.07 10:11:14.803,2.1027,2.10293,1.00,1.00
2015.08.07 10:11:18.316,2.10267,2.10291,1.00,1.09
2015.08.07 10:11:18.673,2.10261,2.10284,1.00,1.00
2015.08.07 10:11:21.835,2.10259,2.10282,1.00,1.00
2015.08.07 10:11:23.403,2.10256,2.1028,1.00,1.00
2015.08.07 10:11:23.706,2.10253,2.10275,1.00,1.00
2015.08.07 10:11:42.297,2.10253,2.10274,1.00,1.00
2015.08.07 10:11:43.662,2.10249,2.10274,1.00,1.50
2015.08.07 10:11:43.865,2.10249,2.10269,1.00,1.00
2015.08.07 10:11:44.016,2.10245,2.10269,1.00,1.00
2015.08.07 10:11:44.320,2.10252,2.10269,1.00,1.00
2015.08.07 10:11:44.605,2.10252,2.10274,1.00,1.00
2015.08.07 10:11:46.062,2.10252,2.10273,1.00,1.00
2015.08.07 10:11:46.369,2.10245,2.10268,1.00,1.00
2015.08.07 10:11:46.473,2.10245,2.10263,1.00,1.00
2015.08.07 10:11:47.538,2.10243,2.10263,1.00,1.00
2015.08.07 10:11:48.119,2.10243,2.10264,1.00,1.00
2015.08.07 10:11:48.572,2.10243,2.10266,1.00,1.00
2015.08.07 10:11:49.110,2.10246,2.10268,1.00,1.00
2015.08.07 10:11:56.265,2.10246,2.10264,1.00,1.00
2015.08.07 10:11:59.361,2.10246,2.10268,1.00,1.50
2015.08.07 10:12:05.067,2.10246,2.10263,1.00,1.00
2015.08.07 10:12:07.576,2.10242,2.10263,1.00,1.00
2015.08.07 10:12:21.292,2.10238,2.10261,1.00,1.00
2015.08.07 10:12:23.056,2.10241,2.10263,1.00,1.34
2015.08.07 10:12:23.360,2.10243,2.10263,1.00,1.34
2015.08.07 10:12:23.411,2.10241,2.10263,1.00,1.84
2015.08.07 10:12:24.272,2.10238,2.1026,1.00,1.00
2015.08.07 10:12:24.525,2.10238,2.10258,1.00,1.00
2015.08.07 10:12:26.644,2.10238,2.10259,1.00,1.00
2015.08.07 10:12:28.782,2.10233,2.10256,1.00,1.00
2015.08.07 10:12:29.036,2.10233,2.10256,1.00,1.84
2015.08.07 10:12:29.087,2.10229,2.10253,1.00,1.09
2015.08.07 10:12:29.138,2.10224,2.10246,1.00,1.00
2015.08.07 10:12:29.646,2.10238,2.1026,1.00,1.50
2015.08.07 10:12:29.748,2.10238,2.10263,1.00,1.00
2015.08.07 10:12:30.253,2.10237,2.10262,1.00,1.00
2015.08.07 10:12:30.355,2.10236,2.10259,1.00,1.00
2015.08.07 10:12:30.722,2.10232,2.10257,1.00,1.00
2015.08.07 10:12:30.978,2.10231,2.10254,1.00,1.00
2015.08.07 10:12:47.987,2.10235,2.10259,1.00,1.00
2015.08.07 10:12:48.440,2.10233,2.10256,1.00,1.00
2015.08.07 10:12:50.812,2.10233,2.10254,1.00,1.00
2015.08.07 10:12:50.862,2.10231,2.10254,1.00,1.50
2015.08.07 10:12:51.367,2.10231,2.10253,1.00,1.00
2015.08.07 10:12:51.620,2.10229,2.10248,1.00,1.00
2015.08.07 10:12:51.721,2.10225,2.10248,1.00,1.00
2015.08.07 10:12:52.689,2.10225,2.1025,1.00,1.00
2015.08.07 10:12:53.042,2.10228,2.10252,1.00,1.00
2015.08.07 10:12:53.143,2.10236,2.10261,1.00,1.00
2015.08.07 10:12:53.194,2.10241,2.10263,1.00,1.50
2015.08.07 10:12:53.346,2.10248,2.10272,1.00,1.00
2015.08.07 10:12:53.599,2.10251,2.10274,1.00,1.00
2015.08.07 10:12:54.220,2.10254,2.10276,1.00,1.00
2015.08.07 10:12:54.371,2.10255,2.1028,1.00,1.00
2015.08.07 10:12:54.523,2.10265,2.10287,1.00,1.00
2015.08.07 10:12:54.574,2.10256,2.10281,1.00,1.00
2015.08.07 10:12:54.726,2.10261,2.10283,1.00,1.00
2015.08.07 10:12:55.154,2.10259,2.10282,1.00,1.00
2015.08.07 10:12:55.408,2.10261,2.10282,1.00,1.00
2015.08.07 10:12:55.459,2.10265,2.10288,1.00,1.00
2015.08.07 10:12:56.497,2.1026,2.10293,1.50,1.00
2015.08.07 10:12:58.019,2.10261,2.10293,1.00,1.00
2015.08.07 10:12:58.628,2.1026,2.10293,1.50,1.00
2015.08.07 10:13:03.611,2.10262,2.10293,1.00,1.00
2015.08.07 10:13:05.230,2.10266,2.10293,1.00,1.00
2015.08.07 10:13:05.633,2.10261,2.10293,1.50,1.00
2015.08.07 10:13:06.172,2.10261,2.10294,1.00,1.50
2015.08.07 10:13:07.313,2.10261,2.10293,1.00,1.00
2015.08.07 10:13:07.682,2.10263,2.10293,1.00,1.00
2015.08.07 10:13:07.936,2.10261,2.10293,1.00,1.00
2015.08.07 10:13:08.646,2.10261,2.10294,1.00,1.00
2015.08.07 10:13:08.747,2.10262,2.10289,1.00,1.00
2015.08.07 10:13:08.798,2.1026,2.10289,1.00,1.00
2015.08.07 10:13:08.848,2.1026,2.10284,1.00,1.00
2015.08.07 10:13:08.899,2.10252,2.1028,1.00,1.00
2015.08.07 10:13:08.950,2.10248,2.1028,1.00,1.50
2015.08.07 10:13:09.466,2.10249,2.1028,1.00,1.00
2015.08.07 10:13:09.517,2.10251,2.10279,1.00,1.00
2015.08.07 10:13:09.619,2.10251,2.10282,1.00,1.00
2015.08.07 10:13:09.771,2.10249,2.1028,1.00,1.00
2015.08.07 10:13:10.075,2.1026,2.10291,1.00,1.00
2015.08.07 10:13:10.568,2.10262,2.10292,1.00,1.00
2015.08.07 10:13:11.560,2.10265,2.10293,1.00,1.00
2015.08.07 10:13:11.981,2.10266,2.10296,1.00,1.00
2015.08.07 10:13:12.085,2.10266,2.10298,1.50,1.00
2015.08.07 10:13:15.385,2.10267,2.10298,1.00,1.00
2015.08.07 10:13:15.938,2.10268,2.10299,1.00,1.50
2015.08.07 10:13:16.175,2.10266,2.10299,1.50,1.50
2015.08.07 10:13:16.777,2.10268,2.10299,1.00,1.50
2015.08.07 10:13:17.278,2.10267,2.10299,1.00,1.50
2015.08.07 10:13:17.784,2.10266,2.10299,1.00,1.50
2015.08.07 10:13:19.336,2.1027,2.10299,1.00,1.00
2015.08.07 10:13:19.639,2.1027,2.10301,1.50,1.00
2015.08.07 10:13:19.690,2.10274,2.10301,1.00,1.00
2015.08.07 10:13:19.741,2.10274,2.10304,1.00,1.00
2015.08.07 10:13:19.792,2.10281,2.10303,1.00,1.00
2015.08.07 10:13:19.893,2.10281,2.10308,1.00,1.00
2015.08.07 10:13:20.150,2.10283,2.10311,1.50,1.00
2015.08.07 10:13:20.201,2.10283,2.10314,1.50,1.50
2015.08.07 10:13:20.252,2.10285,2.10314,1.00,1.50
2015.08.07 10:13:20.555,2.10289,2.10315,1.00,1.00
2015.08.07 10:13:20.896,2.10287,2.10313,1.00,1.00
2015.08.07 10:13:20.997,2.10287,2.10315,1.00,1.00
2015.08.07 10:13:21.675,2.10286,2.10315,1.00,1.00
2015.08.07 10:13:22.655,2.10287,2.10315,1.00,1.00
2015.08.07 10:13:22.756,2.10287,2.10309,1.00,1.00
2015.08.07 10:13:22.908,2.10281,2.10308,1.00,1.00
2015.08.07 10:13:22.959,2.10276,2.10302,1.00,1.00
2015.08.07 10:13:23.010,2.10272,2.10302,1.00,1.00
2015.08.07 10:13:23.244,2.10269,2.10296,1.00,1.00
2015.08.07 10:13:23.446,2.10266,2.10296,1.00,1.00
2015.08.07 10:13:23.970,2.10265,2.10296,1.50,1.00
2015.08.07 10:13:24.082,2.10269,2.10296,1.00,1.00
2015.08.07 10:13:24.220,2.10266,2.10296,1.00,1.00
2015.08.07 10:13:24.771,2.1027,2.10301,1.00,1.50
2015.08.07 10:13:27.386,2.10271,2.10301,1.00,1.50
2015.08.07 10:13:32.077,2.10271,2.10301,1.00,1.37
2015.08.07 10:13:32.229,2.10264,2.10296,1.00,1.87
2015.08.07 10:13:32.280,2.10263,2.10293,1.00,1.00
2015.08.07 10:13:32.627,2.10261,2.10284,1.00,1.00
2015.08.07 10:13:33.032,2.10262,2.10282,1.00,1.00
2015.08.07 10:13:33.538,2.10262,2.10283,1.00,1.00
2015.08.07 10:13:33.851,2.10266,2.10283,1.00,1.00
2015.08.07 10:13:33.961,2.10262,2.10283,1.00,1.00
2015.08.07 10:13:36.037,2.10262,2.10287,1.00,1.00
2015.08.07 10:13:36.390,2.10257,2.10282,1.00,1.00
2015.08.07 10:13:38.574,2.10255,2.1028,1.00,1.00
2015.08.07 10:13:38.878,2.10253,2.10278,1.00,1.50
2015.08.07 10:13:39.332,2.10245,2.10268,1.00,1.00
2015.08.07 10:13:39.724,2.10243,2.10266,1.00,1.00
2015.08.07 10:13:40.532,2.10245,2.10268,1.00,1.00
2015.08.07 10:13:40.857,2.10246,2.10271,1.00,1.00
2015.08.07 10:13:41.361,2.10244,2.10267,1.50,1.00
2015.08.07 10:13:41.871,2.1025,2.10268,1.00,1.00
2015.08.07 10:13:42.242,2.10253,2.10268,1.00,1.00
2015.08.07 10:13:42.556,2.10249,2.10264,1.00,1.00
2015.08.07 10:13:43.061,2.10248,2.10263,1.00,1.00
2015.08.07 10:13:43.335,2.10248,2.10269,1.00,1.00
2015.08.07 10:13:44.404,2.10248,2.10271,1.00,1.00
2015.08.07 10:13:44.623,2.1025,2.10275,1.00,1.00
2015.08.07 10:13:44.775,2.10253,2.10276,1.00,1.00
2015.08.07 10:13:44.927,2.10248,2.10273,1.00,1.00
2015.08.07 10:13:45.078,2.10252,2.10275,1.00,1.00
2015.08.07 10:13:47.601,2.10249,2.10274,1.00,1.00
2015.08.07 10:13:49.230,2.10248,2.1027,1.00,1.00
2015.08.07 10:13:50.057,2.10251,2.10275,1.00,1.00
2015.08.07 10:13:53.063,2.10258,2.10283,1.00,2.25
2015.08.07 10:13:54.032,2.10256,2.10278,1.00,1.00
2015.08.07 10:13:54.335,2.10253,2.10276,1.00,1.00
2015.08.07 10:13:54.436,2.1025,2.10273,1.00,1.00
2015.08.07 10:13:54.739,2.10255,2.10278,1.00,1.00
2015.08.07 10:13:54.966,2.10255,2.1028,1.00,1.00
2015.08.07 10:13:55.120,2.1025,2.10274,1.00,1.00
2015.08.07 10:13:55.424,2.10248,2.1027,1.00,1.00
2015.08.07 10:13:56.208,2.10253,2.10278,1.00,1.00
2015.08.07 10:14:02.084,2.10252,2.10275,1.00,1.00
2015.08.07 10:14:02.630,2.10252,2.10274,1.00,1.00
2015.08.07 10:14:03.084,2.10251,2.10276,1.00,1.00
2015.08.07 10:14:03.135,2.10257,2.10281,1.00,1.00
2015.08.07 10:14:05.296,2.10257,2.10278,1.00,1.00
2015.08.07 10:14:05.751,2.10256,2.10273,1.00,1.00
2015.08.07 10:14:05.852,2.10256,2.10278,1.00,1.50
2015.08.07 10:14:13.485,2.10253,2.10276,1.00,1.00
2015.08.07 10:14:14.198,2.10257,2.10279,1.00,1.00
2015.08.07 10:14:14.557,2.1026,2.10283,1.00,1.00
2015.08.07 10:14:16.516,2.10258,2.1028,1.00,1.00
2015.08.07 10:14:18.404,2.10258,2.10278,1.00,1.00
2015.08.07 10:14:20.650,2.10258,2.10276,1.00,1.00
2015.08.07 10:14:20.953,2.10253,2.10271,1.00,1.00
2015.08.07 10:14:21.307,2.10253,2.10274,1.00,1.50
2015.08.07 10:14:22.817,2.10253,2.10269,1.00,1.00
2015.08.07 10:14:22.868,2.10247,2.10266,1.00,1.00
2015.08.07 10:14:23.070,2.10247,2.10263,1.00,1.00
2015.08.07 10:14:23.286,2.10245,2.10263,1.00,1.00
2015.08.07 10:14:23.642,2.10242,2.10264,1.00,1.50
2015.08.07 10:14:23.693,2.10239,2.10263,1.00,1.00
2015.08.07 10:14:23.744,2.10236,2.10257,1.00,1.00
2015.08.07 10:14:24.048,2.10236,2.10247,1.00,1.00
2015.08.07 10:14:24.098,2.10234,2.10247,1.00,1.00
2015.08.07 10:14:24.429,2.10231,2.10247,1.00,1.00
2015.08.07 10:14:24.535,2.10233,2.10248,1.00,1.00
2015.08.07 10:14:24.586,2.10233,2.10251,1.00,1.00
2015.08.07 10:14:24.840,2.10233,2.10253,1.00,1.00
2015.08.07 10:14:24.942,2.10233,2.10255,1.00,1.00
2015.08.07 10:14:25.195,2.10235,2.10255,1.00,1.00
2015.08.07 10:14:25.635,2.10238,2.10254,1.00,1.00
2015.08.07 10:14:25.838,2.10238,2.10256,1.00,1.00
2015.08.07 10:14:26.171,2.10238,2.10254,1.00,1.00
2015.08.07 10:14:26.323,2.10235,2.10254,1.00,1.00
2015.08.07 10:14:27.141,2.10238,2.10257,1.00,1.00
2015.08.07 10:14:27.482,2.10238,2.10253,1.00,1.00
2015.08.07 10:14:28.431,2.10238,2.10255,1.00,1.00
2015.08.07 10:14:28.583,2.10238,2.10257,1.00,1.00
2015.08.07 10:14:28.633,2.10241,2.10257,1.00,1.00
2015.08.07 10:14:28.684,2.10241,2.10262,1.00,1.00
2015.08.07 10:14:28.785,2.10241,2.10264,1.00,1.00
2015.08.07 10:14:28.836,2.10248,2.10265,1.00,1.00
2015.08.07 10:14:28.988,2.10248,2.10267,1.00,1.00
2015.08.07 10:14:29.089,2.10254,2.10267,1.00,1.00
2015.08.07 10:14:29.140,2.10254,2.10272,1.00,1.00
2015.08.07 10:14:29.242,2.10254,2.10274,1.00,1.00
2015.08.07 10:14:29.343,2.10257,2.10279,1.00,1.00
2015.08.07 10:14:29.888,2.10259,2.10277,1.00,1.00
2015.08.07 10:14:30.394,2.10259,2.10278,1.00,1.00
2015.08.07 10:14:30.697,2.10262,2.10281,1.00,1.00
2015.08.07 10:14:31.248,2.10262,2.1028,1.00,1.00
2015.08.07 10:14:31.977,2.10262,2.10279,1.00,1.00
2015.08.07 10:14:32.323,2.10265,2.1028,1.00,1.00
2015.08.07 10:14:32.639,2.10265,2.10283,1.00,1.00
2015.08.07 10:14:33.296,2.10265,2.10276,1.00,1.00
2015.08.07 10:14:33.996,2.10261,2.10276,1.00,1.00
2015.08.07 10:14:34.501,2.10261,2.10275,1.00,1.00
2015.08.07 10:14:35.842,2.10261,2.10274,1.00,1.00
2015.08.07 10:14:36.487,2.10261,2.10276,1.00,1.00
2015.08.07 10:14:37.603,2.10261,2.10277,1.00,1.00
2015.08.07 10:14:38.457,2.10261,2.10275,1.00,1.00
2015.08.07 10:14:40.310,2.10261,2.10274,1.00,1.00
2015.08.07 10:14:41.153,2.10261,2.10276,1.00,1.00
2015.08.07 10:14:41.672,2.1026,2.10276,1.00,1.00
2015.08.07 10:14:42.224,2.1026,2.10277,1.00,1.00
2015.08.07 10:14:42.877,2.1026,2.10276,1.00,1.00
2015.08.07 10:14:43.279,2.1026,2.10274,1.00,1.00
2015.08.07 10:14:43.944,2.10257,2.10277,1.00,1.00
2015.08.07 10:14:44.096,2.10257,2.10274,1.00,1.00
2015.08.07 10:14:44.298,2.10257,2.10276,1.00,1.00
2015.08.07 10:14:44.601,2.10257,2.1028,1.00,1.00
2015.08.07 10:14:44.702,2.10259,2.10281,1.00,1.00
2015.08.07 10:14:45.208,2.10269,2.10289,1.00,1.00
2015.08.07 10:14:45.895,2.10271,2.10289,1.00,1.00
2015.08.07 10:14:46.603,2.10271,2.10292,1.00,1.00
2015.08.07 10:14:46.704,2.10271,2.10288,1.00,1.00
2015.08.07 10:14:47.210,2.10271,2.10289,1.00,1.00
2015.08.07 10:14:47.850,2.10271,2.1029,1.00,1.00
2015.08.07 10:14:48.262,2.10271,2.10292,1.00,1.00
2015.08.07 10:14:49.110,2.10271,2.10289,1.00,1.00
2015.08.07 10:14:51.550,2.10271,2.10288,1.00,1.00
2015.08.07 10:14:51.853,2.10262,2.10278,1.00,1.00
2015.08.07 10:14:52.005,2.10259,2.10276,1.00,1.00
2015.08.07 10:14:52.241,2.10257,2.10276,1.00,1.00
2015.08.07 10:14:52.648,2.10252,2.10275,1.00,1.00
2015.08.07 10:14:52.922,2.10255,2.10275,1.00,1.00
2015.08.07 10:14:54.907,2.10255,2.1027,1.00,1.00
2015.08.07 10:14:55.243,2.10255,2.10268,1.00,1.00
2015.08.07 10:14:55.344,2.10249,2.10265,1.00,1.00
2015.08.07 10:14:55.395,2.10249,2.10263,1.00,1.00
2015.08.07 10:14:55.496,2.10249,2.1027,1.00,1.00
2015.08.07 10:14:55.547,2.10254,2.1027,1.00,1.00
2015.08.07 10:14:55.648,2.10254,2.10276,1.00,1.00
2015.08.07 10:14:55.699,2.1025,2.10275,1.00,1.00
2015.08.07 10:14:56.088,2.10254,2.10276,1.00,1.50
2015.08.07 10:14:56.397,2.10263,2.1028,1.00,1.00
2015.08.07 10:14:57.311,2.10263,2.10277,1.00,1.00
2015.08.07 10:14:57.750,2.10263,2.10273,1.00,1.00
2015.08.07 10:14:57.902,2.10258,2.10273,1.00,1.00
2015.08.07 10:14:58.003,2.10255,2.10269,1.00,1.00
2015.08.07 10:14:58.357,2.10244,2.10259,1.00,1.00
2015.08.07 10:14:58.409,2.10225,2.10254,1.00,1.37
2015.08.07 10:14:58.460,2.10225,2.10235,1.00,1.00
2015.08.07 10:14:58.511,2.10212,2.10233,1.50,1.00
2015.08.07 10:14:58.613,2.10205,2.10233,1.00,1.00
2015.08.07 10:14:58.714,2.10206,2.10243,1.00,1.00
2015.08.07 10:14:58.816,2.10211,2.10244,1.00,1.00
2015.08.07 10:14:59.267,2.10221,2.10239,1.00,1.00
2015.08.07 10:14:59.318,2.1022,2.10242,1.00,1.00
2015.08.07 10:14:59.369,2.1022,2.1024,1.00,1.00
2015.08.07 10:14:59.419,2.10217,2.1024,1.00,1.00
2015.08.07 10:14:59.571,2.10217,2.10238,1.00,1.00
2015.08.07 10:14:59.672,2.10217,2.10241,1.00,1.00
2015.08.07 10:14:59.723,2.10223,2.10242,1.00,1.00
2015.08.07 10:14:59.926,2.10223,2.10245,1.00,1.00
2015.08.07 10:15:00.228,2.10228,2.10244,1.00,1.00
2015.08.07 10:15:00.381,2.10232,2.10252,1.00,1.00
2015.08.07 10:15:00.433,2.10232,2.10248,1.00,1.00
2015.08.07 10:15:00.484,2.1023,2.10248,1.00,1.00
2015.08.07 10:15:00.536,2.10223,2.10243,1.00,1.00
2015.08.07 10:15:00.891,2.10223,2.10246,1.00,1.00
2015.08.07 10:15:01.157,2.10223,2.10243,1.00,1.00
2015.08.07 10:15:01.210,2.10221,2.10243,1.00,1.00
2015.08.07 10:15:01.262,2.10225,2.10243,1.00,1.00
2015.08.07 10:15:01.415,2.10225,2.10247,1.00,1.00
2015.08.07 10:15:01.466,2.10225,2.10249,1.00,1.00
2015.08.07 10:15:01.977,2.10229,2.10254,1.00,1.00
2015.08.07 10:15:02.028,2.10233,2.10254,1.00,1.00
2015.08.07 10:15:02.249,2.10233,2.10259,1.00,1.00
2015.08.07 10:15:02.300,2.10235,2.10259,1.00,1.00
2015.08.07 10:15:02.625,2.10239,2.10258,1.00,1.00
2015.08.07 10:15:02.727,2.10239,2.10263,1.00,1.00
2015.08.07 10:15:02.778,2.10245,2.10263,1.00,1.00
2015.08.07 10:15:02.829,2.10245,2.10269,1.00,1.50
2015.08.07 10:15:02.980,2.10242,2.10269,1.00,1.00
2015.08.07 10:15:03.395,2.10242,2.10264,1.00,1.00
2015.08.07 10:15:03.620,2.10244,2.10269,1.00,1.00
2015.08.07 10:15:03.671,2.10248,2.10269,1.00,1.00
2015.08.07 10:15:03.974,2.1025,2.10268,1.00,1.00
2015.08.07 10:15:04.234,2.10247,2.10269,1.00,1.00
2015.08.07 10:15:04.336,2.10251,2.10268,1.00,1.00
2015.08.07 10:15:04.681,2.10249,2.10268,1.00,1.00
2015.08.07 10:15:04.732,2.10249,2.10264,1.00,1.00
2015.08.07 10:15:05.137,2.10249,2.10273,1.00,1.50
2015.08.07 10:15:05.340,2.10249,2.10268,1.00,1.00
2015.08.07 10:15:06.040,2.10249,2.10269,1.00,1.00
2015.08.07 10:15:07.342,2.10249,2.10273,1.00,1.50
2015.08.07 10:15:09.312,2.10249,2.10268,1.00,1.00
2015.08.07 10:15:09.849,2.10249,2.10273,1.00,1.00
2015.08.07 10:15:10.717,2.10249,2.10272,1.00,1.00
2015.08.07 10:15:11.219,2.10249,2.10273,1.00,1.00
2015.08.07 10:15:12.350,2.10249,2.10272,1.00,1.00
2015.08.07 10:15:19.579,2.10249,2.10271,1.00,1.00
2015.08.07 10:15:20.243,2.10249,2.10272,1.00,1.00
2015.08.07 10:15:22.248,2.10249,2.10274,1.00,1.50
2015.08.07 10:15:23.779,2.10249,2.10274,1.34,1.50
2015.08.07 10:15:24.083,2.10268,2.10279,1.00,1.00
2015.08.07 10:15:24.378,2.10268,2.10284,1.00,1.00
2015.08.07 10:15:24.482,2.10266,2.10284,1.00,1.00
2015.08.07 10:15:25.372,2.10266,2.10278,1.00,1.00
2015.08.07 10:15:25.679,2.10266,2.10284,1.00,1.50
2015.08.07 10:15:26.223,2.10266,2.10283,1.00,1.00
2015.08.07 10:15:27.142,2.10265,2.10284,1.00,1.00
2015.08.07 10:15:28.493,2.10265,2.10287,1.00,1.50
2015.08.07 10:15:28.646,2.10267,2.10288,1.00,1.00
2015.08.07 10:15:29.086,2.10267,2.10286,1.00,1.00
2015.08.07 10:15:29.917,2.10267,2.10284,1.00,1.00
2015.08.07 10:15:31.466,2.10267,2.10286,1.00,1.00
2015.08.07 10:15:31.835,2.10267,2.10283,1.00,1.00
2015.08.07 10:15:31.937,2.10267,2.10287,1.00,1.00
2015.08.07 10:15:32.038,2.1027,2.10287,1.00,1.00
2015.08.07 10:15:32.240,2.1027,2.10289,1.00,1.00
2015.08.07 10:15:32.749,2.1027,2.10288,1.00,1.00
2015.08.07 10:15:33.293,2.1027,2.10289,1.00,1.00
2015.08.07 10:15:34.016,2.1027,2.10287,1.00,1.00
2015.08.07 10:15:35.213,2.10249,2.10254,1.00,1.00
2015.08.07 10:15:35.266,2.10232,2.10254,1.50,1.00
2015.08.07 10:15:35.320,2.10227,2.10258,1.00,1.00
2015.08.07 10:15:35.421,2.10225,2.10258,1.00,1.00
2015.08.07 10:15:35.573,2.10225,2.10255,1.00,1.00
2015.08.07 10:15:35.876,2.10235,2.10255,1.00,1.00
2015.08.07 10:15:36.307,2.10235,2.10257,1.00,1.00
2015.08.07 10:15:36.860,2.10236,2.10258,1.00,1.00
2015.08.07 10:15:37.319,2.10236,2.10255,1.00,1.00
2015.08.07 10:15:38.429,2.10236,2.10258,1.00,1.00
2015.08.07 10:15:38.783,2.10236,2.10254,1.00,1.00
2015.08.07 10:15:39.221,2.10236,2.10258,1.00,1.00
2015.08.07 10:15:39.679,2.10234,2.10261,1.00,1.00
2015.08.07 10:15:39.730,2.10236,2.10261,1.00,1.00
2015.08.07 10:15:40.635,2.10233,2.10261,1.00,1.00
2015.08.07 10:15:40.760,2.10233,2.10259,1.00,1.00
2015.08.07 10:15:41.063,2.10232,2.10253,1.00,1.00
2015.08.07 10:15:48.616,2.10232,2.10254,1.00,1.50
2015.08.07 10:15:48.819,2.10232,2.10258,1.00,1.00
2015.08.07 10:15:49.022,2.10232,2.10256,1.00,1.00
2015.08.07 10:15:49.325,2.10236,2.10256,1.00,1.00
2015.08.07 10:15:49.376,2.10237,2.10258,1.00,1.00
2015.08.07 10:15:49.933,2.10237,2.10257,1.00,1.00
2015.08.07 10:15:51.447,2.10237,2.10254,1.00,1.00
2015.08.07 10:15:51.599,2.10234,2.10254,1.00,1.00
2015.08.07 10:15:51.775,2.10239,2.10254,1.00,1.00
2015.08.07 10:15:51.977,2.10234,2.10254,1.00,1.00
2015.08.07 10:15:52.532,2.10234,2.10253,1.00,1.00
2015.08.07 10:15:54.445,2.10234,2.10254,1.00,1.00
2015.08.07 10:15:55.392,2.10234,2.10253,1.00,1.00
2015.08.07 10:15:58.620,2.10234,2.10254,1.00,1.00
2015.08.07 10:15:59.156,2.10234,2.10256,1.00,1.00
2015.08.07 10:16:00.813,2.10234,2.10254,1.00,1.00
2015.08.07 10:16:01.438,2.10234,2.10256,1.00,1.00
2015.08.07 10:16:02.208,2.10234,2.10257,1.00,1.00
2015.08.07 10:16:04.656,2.10235,2.10258,1.00,1.50
2015.08.07 10:16:06.530,2.10235,2.10257,1.00,1.00
2015.08.07 10:16:06.732,2.10235,2.10255,1.00,1.00
2015.08.07 10:16:07.145,2.10239,2.10257,1.00,1.00
2015.08.07 10:16:07.195,2.10239,2.10259,1.00,1.50
2015.08.07 10:16:07.246,2.10237,2.10259,1.00,1.50
2015.08.07 10:16:07.348,2.10239,2.10259,1.00,1.50
2015.08.07 10:16:08.289,2.10242,2.10259,1.00,1.00
2015.08.07 10:16:09.189,2.10243,2.10261,1.00,1.00
2015.08.07 10:16:09.840,2.10243,2.10258,1.00,1.00
2015.08.07 10:16:11.247,2.10247,2.10258,1.00,1.00
2015.08.07 10:16:11.399,2.10245,2.10258,1.00,1.00
2015.08.07 10:16:11.500,2.10247,2.10258,1.00,1.00
2015.08.07 10:16:11.803,2.10247,2.10263,1.00,1.00
2015.08.07 10:16:12.911,2.10247,2.10258,1.00,1.00
2015.08.07 10:16:13.654,2.10243,2.10258,1.00,1.00
2015.08.07 10:16:13.807,2.10243,2.10253,1.00,1.00
2015.08.07 10:16:14.379,2.10243,2.10254,1.00,1.00
2015.08.07 10:16:16.468,2.10245,2.10254,1.00,1.00
2015.08.07 10:16:16.874,2.10245,2.10258,1.00,1.00
2015.08.07 10:16:17.026,2.10243,2.10258,1.00,1.00
2015.08.07 10:16:17.078,2.10243,2.10261,1.00,1.00
2015.08.07 10:16:17.875,2.10243,2.10259,1.00,1.00
2015.08.07 10:16:18.372,2.10239,2.10259,1.00,1.00
2015.08.07 10:16:18.625,2.10239,2.10256,1.00,1.00
2015.08.07 10:16:19.135,2.10239,2.10257,1.00,1.00
2015.08.07 10:16:20.154,2.10239,2.10258,1.00,1.50
2015.08.07 10:16:22.800,2.10239,2.10259,1.00,1.50
2015.08.07 10:16:25.020,2.10239,2.10257,1.00,1.00
2015.08.07 10:16:25.711,2.10237,2.10257,1.00,1.00
2015.08.07 10:16:25.813,2.10233,2.10256,1.00,1.00
2015.08.07 10:16:25.864,2.1023,2.10244,1.00,1.00
2015.08.07 10:16:26.066,2.10227,2.10245,1.00,1.00
2015.08.07 10:16:26.525,2.10229,2.10247,1.00,1.00
2015.08.07 10:16:26.677,2.10229,2.10252,1.00,1.00
2015.08.07 10:16:26.779,2.10234,2.10252,1.00,1.00
2015.08.07 10:16:26.880,2.10234,2.10254,1.00,1.00
2015.08.07 10:16:27.083,2.10234,2.10257,1.00,1.50
2015.08.07 10:16:27.184,2.10238,2.10257,1.00,1.00
2015.08.07 10:16:27.690,2.10246,2.10257,1.00,1.00
2015.08.07 10:16:27.745,2.10238,2.10252,1.00,1.00
2015.08.07 10:16:27.846,2.10236,2.10247,1.00,1.00
2015.08.07 10:16:27.897,2.10229,2.10247,1.00,1.00
2015.08.07 10:16:27.998,2.10225,2.10245,1.00,1.00
2015.08.07 10:16:28.100,2.10225,2.10238,1.00,1.00
2015.08.07 10:16:28.201,2.10222,2.10238,1.00,1.00
2015.08.07 10:16:28.743,2.10222,2.10239,1.00,1.00
2015.08.07 10:16:28.896,2.10225,2.10239,1.00,1.00
2015.08.07 10:16:28.947,2.10225,2.10242,1.00,1.00
2015.08.07 10:16:29.048,2.10225,2.10244,1.00,1.00
2015.08.07 10:16:29.302,2.10225,2.10247,1.00,1.00
2015.08.07 10:16:29.504,2.10225,2.10242,1.00,1.00
2015.08.07 10:16:30.398,2.10225,2.10243,1.00,1.50
2015.08.07 10:16:31.610,2.10225,2.10248,1.00,1.00
2015.08.07 10:16:31.711,2.10233,2.10255,1.00,1.50
2015.08.07 10:16:32.014,2.10236,2.10255,1.00,1.00
2015.08.07 10:16:32.318,2.10239,2.10258,1.00,1.00
2015.08.07 10:16:32.630,2.10237,2.10247,1.00,1.00
2015.08.07 10:16:32.731,2.10233,2.10246,1.00,1.00
2015.08.07 10:16:33.136,2.10233,2.1025,1.00,1.00
2015.08.07 10:16:33.389,2.10234,2.10253,1.00,1.00
2015.08.07 10:16:33.540,2.10238,2.10253,1.00,1.00
2015.08.07 10:16:34.055,2.10237,2.10254,1.00,1.00
2015.08.07 10:16:34.652,2.10241,2.10254,1.00,1.00
2015.08.07 10:16:34.753,2.10237,2.10254,1.00,1.00
2015.08.07 10:16:36.063,2.10241,2.10254,1.00,1.00
2015.08.07 10:16:38.686,2.10241,2.10259,1.00,1.00
2015.08.07 10:16:38.787,2.10241,2.10254,1.00,1.00
2015.08.07 10:16:38.890,2.10238,2.10253,1.00,1.00
2015.08.07 10:16:38.940,2.10241,2.10253,1.00,1.00
2015.08.07 10:16:39.092,2.10241,2.10258,1.00,1.00
2015.08.07 10:16:39.671,2.10241,2.1026,1.00,1.00
2015.08.07 10:16:40.186,2.10241,2.10259,1.00,1.00
2015.08.07 10:16:40.417,2.10241,2.10262,1.00,1.00
2015.08.07 10:16:41.038,2.10244,2.10262,1.00,1.00
2015.08.07 10:16:42.051,2.10244,2.10264,1.00,1.00
2015.08.07 10:16:42.457,2.10244,2.10267,1.00,1.00
2015.08.07 10:16:43.825,2.10244,2.10266,1.00,1.00
2015.08.07 10:16:45.094,2.10248,2.10266,1.00,1.00
2015.08.07 10:16:51.186,2.10246,2.10264,1.00,1.00
2015.08.07 10:16:51.817,2.10246,2.1026,1.00,1.00
2015.08.07 10:16:52.733,2.10246,2.10258,1.00,1.00
2015.08.07 10:16:53.363,2.10246,2.10257,1.00,1.00
2015.08.07 10:16:53.989,2.10242,2.10257,1.00,1.00
2015.08.07 10:16:54.494,2.10242,2.10256,1.00,1.00
2015.08.07 10:16:55.557,2.10242,2.10255,1.00,1.00
2015.08.07 10:16:56.062,2.10242,2.10256,1.00,1.00
2015.08.07 10:16:56.487,2.10239,2.10254,1.00,1.00
2015.08.07 10:16:56.689,2.10239,2.10248,1.00,1.00
2015.08.07 10:16:56.791,2.10235,2.10251,1.00,1.00
2015.08.07 10:16:56.842,2.10241,2.10251,1.00,1.00
2015.08.07 10:16:56.893,2.10241,2.10255,1.00,1.00
2015.08.07 10:16:56.944,2.10243,2.10255,1.00,1.00
2015.08.07 10:16:56.995,2.10238,2.10257,1.00,1.00
2015.08.07 10:16:57.147,2.10238,2.10255,1.00,1.00
2015.08.07 10:16:57.354,2.10238,2.10257,1.00,1.00
2015.08.07 10:16:57.457,2.10239,2.10261,1.00,1.00
2015.08.07 10:16:57.665,2.10246,2.10265,1.00,1.00
2015.08.07 10:16:57.969,2.10245,2.10263,1.00,1.00
2015.08.07 10:16:58.222,2.10245,2.10267,1.00,1.00
2015.08.07 10:16:58.482,2.10245,2.10265,1.00,1.00
2015.08.07 10:16:58.785,2.10248,2.10264,1.00,1.00
2015.08.07 10:16:58.886,2.10248,2.10267,1.00,1.00
2015.08.07 10:16:59.039,2.10245,2.10268,1.00,1.00
2015.08.07 10:16:59.140,2.1025,2.10268,1.00,1.00
2015.08.07 10:16:59.191,2.1025,2.1027,1.00,1.00
2015.08.07 10:16:59.298,2.1025,2.10267,1.00,1.00
2015.08.07 10:16:59.734,2.1025,2.1027,1.00,1.00
2015.08.07 10:16:59.987,2.1025,2.10272,1.00,1.00
2015.08.07 10:17:00.508,2.1025,2.1027,1.00,1.00
2015.08.07 10:17:00.816,2.10256,2.10268,1.00,1.00
2015.08.07 10:17:01.180,2.10256,2.10271,1.00,1.00
2015.08.07 10:17:01.432,2.10256,2.10276,1.00,1.00
2015.08.07 10:17:01.535,2.10256,2.10272,1.00,1.00
2015.08.07 10:17:01.839,2.10256,2.1027,1.00,1.00
2015.08.07 10:17:02.184,2.10251,2.10258,1.00,1.00
2015.08.07 10:17:02.235,2.10242,2.10258,1.00,1.00
2015.08.07 10:17:02.336,2.10236,2.10258,1.00,1.00
2015.08.07 10:17:02.437,2.10245,2.10258,1.00,1.00
2015.08.07 10:17:02.539,2.10245,2.10263,1.00,1.00
2015.08.07 10:17:02.590,2.10249,2.10263,1.00,1.00
2015.08.07 10:17:02.641,2.10247,2.10263,1.00,1.00
2015.08.07 10:17:02.944,2.1025,2.10262,1.00,1.00
2015.08.07 10:17:03.045,2.10243,2.10262,1.00,1.00
2015.08.07 10:17:03.558,2.10242,2.10261,1.00,1.00
2015.08.07 10:17:03.610,2.10247,2.10263,1.00,1.00
2015.08.07 10:17:03.812,2.10248,2.10267,1.00,1.00
2015.08.07 10:17:03.964,2.10248,2.1027,1.00,1.00
2015.08.07 10:17:04.015,2.10251,2.1027,1.00,1.00
2015.08.07 10:17:04.368,2.10254,2.10271,1.00,1.00
2015.08.07 10:17:04.686,2.10254,2.10268,1.00,1.00
2015.08.07 10:17:05.191,2.10254,2.10269,1.00,1.00
2015.08.07 10:17:06.049,2.10254,2.10268,1.00,1.00
2015.08.07 10:17:06.150,2.10251,2.10268,1.00,1.00
2015.08.07 10:17:06.689,2.10251,2.10267,1.00,1.00
2015.08.07 10:17:07.190,2.10251,2.10268,1.00,1.00
2015.08.07 10:17:07.241,2.10247,2.10268,1.00,1.00
2015.08.07 10:17:07.540,2.1025,2.10268,1.00,1.00
2015.08.07 10:17:07.792,2.10246,2.10267,1.00,1.00
2015.08.07 10:17:07.950,2.10249,2.10267,1.00,1.00
2015.08.07 10:17:09.312,2.10249,2.10268,1.00,1.00
2015.08.07 10:17:09.986,2.10249,2.10267,1.00,1.00
2015.08.07 10:17:10.671,2.10249,2.10268,1.00,1.00
2015.08.07 10:17:10.977,2.10246,2.10265,1.00,1.00
2015.08.07 10:17:11.079,2.10246,2.10268,1.00,1.00
2015.08.07 10:17:11.331,2.10246,2.10271,1.00,1.00
2015.08.07 10:17:11.382,2.1025,2.10273,1.00,2.25
2015.08.07 10:17:11.924,2.1025,2.10272,1.00,1.00
2015.08.07 10:17:16.168,2.10252,2.10272,1.00,1.00
2015.08.07 10:17:16.571,2.10252,2.10269,1.00,1.00
2015.08.07 10:17:16.925,2.10244,2.10268,1.00,1.00
2015.08.07 10:17:17.132,2.10244,2.10266,1.00,1.00
2015.08.07 10:17:17.556,2.10244,2.10268,1.00,1.00
2015.08.07 10:17:17.809,2.10241,2.10263,1.00,1.00
2015.08.07 10:17:18.124,2.10239,2.10257,1.00,1.00
2015.08.07 10:17:18.228,2.10239,2.10259,1.00,1.00
2015.08.07 10:17:18.481,2.10239,2.10255,1.00,1.00
2015.08.07 10:17:18.683,2.10239,2.10258,1.00,1.00
2015.08.07 10:17:18.835,2.10234,2.10258,1.00,1.50
2015.08.07 10:17:20.542,2.10237,2.1026,1.00,1.00
2015.08.07 10:17:21.100,2.10237,2.10259,1.00,1.00
2015.08.07 10:17:21.767,2.10237,2.1026,1.00,1.00
2015.08.07 10:17:22.204,2.10237,2.10258,1.00,1.00
2015.08.07 10:17:22.974,2.10237,2.10259,1.00,1.00
2015.08.07 10:17:23.479,2.10237,2.10258,1.00,1.00
2015.08.07 10:17:23.733,2.10237,2.1026,1.00,1.50
2015.08.07 10:17:24.828,2.10237,2.10259,1.00,1.00
2015.08.07 10:17:25.460,2.10237,2.10258,1.00,1.00
2015.08.07 10:17:25.511,2.10235,2.10257,1.00,1.00
2015.08.07 10:17:26.016,2.10235,2.10256,1.00,1.00
2015.08.07 10:17:26.929,2.10235,2.10257,1.00,1.50
2015.08.07 10:17:27.380,2.10235,2.10255,1.00,1.00
2015.08.07 10:17:27.482,2.1023,2.10255,1.00,1.50
2015.08.07 10:17:28.035,2.10234,2.10258,1.00,1.00
2015.08.07 10:17:28.438,2.10238,2.1026,1.00,1.00
2015.08.07 10:17:30.961,2.1024,2.10263,1.00,1.00
2015.08.07 10:17:36.702,2.10242,2.10263,1.00,1.00
2015.08.07 10:17:39.953,2.10245,2.10263,1.00,1.00
2015.08.07 10:17:40.105,2.10245,2.10268,1.00,1.00
2015.08.07 10:17:40.206,2.10255,2.10274,1.00,1.00
2015.08.07 10:17:40.458,2.10257,2.10283,1.00,1.00
2015.08.07 10:17:40.560,2.10265,2.10286,1.00,1.00
2015.08.07 10:17:40.661,2.10267,2.10291,1.00,1.00
2015.08.07 10:17:40.712,2.1027,2.10291,1.00,1.00
2015.08.07 10:17:40.987,2.1027,2.10295,1.00,1.00
2015.08.07 10:17:41.088,2.10274,2.10296,1.00,1.00
2015.08.07 10:17:41.509,2.10276,2.103,1.00,1.50
2015.08.07 10:17:42.533,2.10276,2.10299,1.00,1.00
2015.08.07 10:17:43.950,2.10275,2.10297,1.00,1.00
2015.08.07 10:17:44.764,2.10276,2.10297,1.00,1.00
2015.08.07 10:17:44.865,2.1027,2.10293,1.00,1.00
2015.08.07 10:17:45.412,2.1027,2.10292,1.00,1.00
2015.08.07 10:17:45.691,2.1027,2.10294,1.00,1.00
2015.08.07 10:17:46.017,2.1027,2.10292,1.00,1.00
2015.08.07 10:17:47.007,2.1027,2.10295,1.00,1.00
2015.08.07 10:17:48.778,2.1027,2.10293,1.00,1.00
2015.08.07 10:17:48.930,2.1027,2.10299,1.00,1.00
2015.08.07 10:17:49.214,2.1027,2.10302,1.00,1.50
2015.08.07 10:17:49.470,2.1027,2.10299,1.00,1.00
2015.08.07 10:17:50.008,2.1027,2.103,1.00,1.00
2015.08.07 10:17:50.548,2.1027,2.10301,1.00,1.00
2015.08.07 10:17:51.882,2.1027,2.10295,1.00,1.00
2015.08.07 10:17:52.186,2.10269,2.1029,1.00,1.00
2015.08.07 10:17:52.388,2.10265,2.1029,1.00,1.00
2015.08.07 10:17:52.986,2.10265,2.10298,1.00,1.50
2015.08.07 10:17:53.188,2.10267,2.10298,1.00,1.50
2015.08.07 10:17:53.289,2.10265,2.10298,1.00,1.50
2015.08.07 10:17:53.341,2.10265,2.10293,1.00,1.00
2015.08.07 10:17:53.391,2.10263,2.10293,1.00,1.00
2015.08.07 10:17:57.229,2.10267,2.1029,1.00,1.00
2015.08.07 10:17:58.036,2.10268,2.10293,1.00,1.50
2015.08.07 10:18:00.807,2.10267,2.1029,1.00,1.00
2015.08.07 10:18:03.406,2.10264,2.10287,1.00,1.00
2015.08.07 10:18:03.463,2.10259,2.10284,1.00,1.00
2015.08.07 10:18:03.665,2.10263,2.10286,1.00,1.00
2015.08.07 10:18:04.220,2.10265,2.10288,1.00,1.00
2015.08.07 10:18:04.523,2.10267,2.1029,1.00,1.00
2015.08.07 10:18:06.372,2.10267,2.1029,1.00,1.37
2015.08.07 10:18:06.423,2.10261,2.10286,1.00,1.37
2015.08.07 10:18:06.474,2.10258,2.10283,1.00,1.00
2015.08.07 10:18:06.525,2.10256,2.10281,1.00,1.00
2015.08.07 10:18:06.829,2.10252,2.10275,1.00,1.00
2015.08.07 10:18:06.981,2.10248,2.10273,1.00,1.00
2015.08.07 10:18:07.562,2.10261,2.10283,1.00,1.00
2015.08.07 10:18:07.613,2.10255,2.10279,1.00,1.00
2015.08.07 10:18:07.714,2.10253,2.10276,1.00,1.00
2015.08.07 10:18:08.276,2.10256,2.10278,1.00,1.00
2015.08.07 10:18:39.383,2.10253,2.10276,1.00,1.00
2015.08.07 10:18:40.036,2.10255,2.10279,1.00,1.00
2015.08.07 10:18:40.288,2.10255,2.10277,1.00,1.00
2015.08.07 10:18:40.589,2.1025,2.10272,1.00,1.00
2015.08.07 10:18:41.295,2.10246,2.10269,1.00,1.00
2015.08.07 10:18:45.619,2.10244,2.10267,1.00,1.00
2015.08.07 10:18:50.373,2.10241,2.10264,1.00,1.00
2015.08.07 10:18:57.677,2.10238,2.10263,1.00,1.00
2015.08.07 10:19:02.112,2.10236,2.10256,1.00,1.00
2015.08.07 10:19:02.575,2.10234,2.10256,1.00,1.00
2015.08.07 10:19:03.649,2.1023,2.10254,1.00,1.00
2015.08.07 10:19:03.802,2.10227,2.10249,1.00,1.00
2015.08.07 10:19:04.581,2.10228,2.10248,1.00,1.00
2015.08.07 10:19:04.632,2.10228,2.10252,1.50,1.00
2015.08.07 10:19:04.894,2.10231,2.10254,1.00,1.00
2015.08.07 10:19:06.029,2.10233,2.10254,1.00,1.00
2015.08.07 10:19:06.333,2.10231,2.10251,1.00,1.00
2015.08.07 10:19:07.089,2.10229,2.10251,1.50,1.00
2015.08.07 10:19:07.594,2.1023,2.10251,1.00,1.00
2015.08.07 10:19:08.300,2.10229,2.10251,1.00,1.00
2015.08.07 10:19:11.080,2.10224,2.10246,1.00,1.00
2015.08.07 10:19:11.401,2.10219,2.10241,1.00,1.00
2015.08.07 10:19:12.002,2.10218,2.10241,1.00,1.00
2015.08.07 10:19:12.305,2.10221,2.10241,1.00,1.00
2015.08.07 10:19:12.965,2.1022,2.10241,1.00,1.00
2015.08.07 10:19:13.319,2.1022,2.10243,1.50,1.00
2015.08.07 10:19:13.470,2.10222,2.10243,1.00,1.00
2015.08.07 10:19:13.774,2.10226,2.10246,1.00,1.00
2015.08.07 10:19:14.979,2.10229,2.10253,1.00,1.00
2015.08.07 10:19:15.232,2.10231,2.10253,1.00,1.00
2015.08.07 10:19:15.686,2.10229,2.10253,1.50,1.00
2015.08.07 10:19:16.785,2.1023,2.10253,1.00,1.00
2015.08.07 10:19:17.138,2.10233,2.10253,1.00,1.00
2015.08.07 10:19:17.240,2.10229,2.10253,1.00,1.00
2015.08.07 10:19:17.814,2.10227,2.10249,1.00,1.00
2015.08.07 10:19:18.016,2.10224,2.10247,1.00,1.00
2015.08.07 10:19:18.571,2.10226,2.1025,1.00,1.00
2015.08.07 10:19:22.043,2.10223,2.10247,1.00,1.00
2015.08.07 10:19:23.741,2.10221,2.10243,1.00,1.00
2015.08.07 10:19:23.893,2.10217,2.10242,1.00,1.00
2015.08.07 10:19:23.945,2.10214,2.10237,1.00,1.00
2015.08.07 10:19:24.450,2.10212,2.10234,1.00,1.00
2015.08.07 10:19:36.077,2.10216,2.10237,1.00,1.00
2015.08.07 10:19:36.350,2.10234,2.10264,1.00,1.00
2015.08.07 10:19:36.401,2.10234,2.10268,1.00,1.00
2015.08.07 10:19:36.452,2.10234,2.10253,1.00,1.00
2015.08.07 10:19:36.553,2.10238,2.10261,1.00,1.00
2015.08.07 10:19:36.604,2.10233,2.10269,1.00,1.00
2015.08.07 10:19:36.655,2.10233,2.10275,1.00,1.00
2015.08.07 10:19:36.807,2.10236,2.10275,1.00,1.00
2015.08.07 10:19:37.115,2.10243,2.10265,1.00,1.00
2015.08.07 10:19:37.581,2.10239,2.10264,1.00,1.00
2015.08.07 10:19:37.733,2.10237,2.10261,1.00,1.00
2015.08.07 10:19:38.037,2.10234,2.10257,1.00,1.00
2015.08.07 10:19:39.207,2.10235,2.10257,1.00,1.00
2015.08.07 10:19:39.460,2.10229,2.10253,1.00,1.00
2015.08.07 10:19:39.562,2.10227,2.10251,1.00,1.00
2015.08.07 10:19:40.012,2.10221,2.10243,1.00,1.00
2015.08.07 10:19:41.928,2.10213,2.10237,1.00,1.00
2015.08.07 10:19:42.080,2.10209,2.10231,1.00,1.00
2015.08.07 10:19:42.381,2.10209,2.10234,1.00,1.00
2015.08.07 10:19:42.735,2.10204,2.10228,1.00,1.00
2015.08.07 10:19:43.341,2.10207,2.1023,1.00,1.00
2015.08.07 10:19:50.572,2.10212,2.10234,1.00,1.00
2015.08.07 10:19:51.177,2.10214,2.10239,1.00,1.00
2015.08.07 10:19:52.906,2.10219,2.10243,1.00,1.00
2015.08.07 10:19:53.311,2.10222,2.10247,1.00,1.00
2015.08.07 10:19:53.514,2.10225,2.1025,1.00,1.00
2015.08.07 10:19:55.444,2.10224,2.10246,1.00,1.00
2015.08.07 10:19:55.950,2.1022,2.10243,1.00,1.00
2015.08.07 10:19:56.001,2.10212,2.10237,1.00,1.00
2015.08.07 10:19:56.052,2.10207,2.10232,1.00,1.00
2015.08.07 10:19:56.306,2.10193,2.10234,1.00,1.00
2015.08.07 10:19:56.565,2.10197,2.10219,1.00,1.00
2015.08.07 10:19:56.818,2.10201,2.10224,1.00,1.00
2015.08.07 10:19:57.223,2.10189,2.10213,1.50,1.00
2015.08.07 10:19:57.324,2.10186,2.10209,1.00,1.00
2015.08.07 10:19:57.426,2.10177,2.1022,1.00,1.12
2015.08.07 10:19:57.477,2.1018,2.10222,1.00,1.37
2015.08.07 10:19:57.794,2.10183,2.10206,1.50,1.00
2015.08.07 10:19:58.098,2.10186,2.10209,1.50,1.00
2015.08.07 10:19:58.401,2.10193,2.10216,1.00,1.00
2015.08.07 10:19:58.452,2.10188,2.10221,1.00,1.00
2015.08.07 10:20:00.202,2.10186,2.10218,1.00,1.00
2015.08.07 10:20:01.200,2.10182,2.10211,1.00,1.00
2015.08.07 10:20:01.353,2.10175,2.10205,1.00,1.00
2015.08.07 10:20:01.455,2.10179,2.1021,1.00,1.00
2015.08.07 10:20:02.671,2.10181,2.1021,1.00,1.00
2015.08.07 10:20:02.772,2.10179,2.1021,1.00,1.00
2015.08.07 10:20:03.327,2.1018,2.1021,1.00,1.00
2015.08.07 10:20:03.832,2.10179,2.1021,1.50,1.00
2015.08.07 10:20:05.494,2.10176,2.10208,1.00,1.00
2015.08.07 10:20:05.545,2.10172,2.10204,1.00,1.00
2015.08.07 10:20:05.848,2.10171,2.10201,1.50,1.00
2015.08.07 10:20:06.680,2.1017,2.10201,1.50,1.00
2015.08.07 10:20:10.989,2.10174,2.10204,1.00,1.00
2015.08.07 10:20:12.275,2.10173,2.10205,1.00,1.00
2015.08.07 10:20:12.790,2.10174,2.10204,1.00,1.00
2015.08.07 10:20:13.049,2.10175,2.10208,1.00,1.00
2015.08.07 10:20:13.302,2.10171,2.10201,1.00,1.00
2015.08.07 10:20:13.632,2.10167,2.10197,1.00,1.00
2015.08.07 10:20:14.699,2.10169,2.102,1.00,1.00
2015.08.07 10:20:16.401,2.10171,2.102,1.00,1.00
2015.08.07 10:20:16.604,2.10173,2.10206,1.00,1.00
2015.08.07 10:20:24.433,2.10177,2.10208,1.00,1.00
2015.08.07 10:20:24.736,2.10181,2.10213,1.00,1.34
2015.08.07 10:20:25.096,2.10185,2.10216,1.00,1.00
2015.08.07 10:20:40.253,2.10185,2.10215,1.00,1.00
2015.08.07 10:20:42.048,2.1018,2.10211,1.50,1.00
2015.08.07 10:20:43.346,2.1018,2.1021,1.00,1.00
2015.08.07 10:20:43.599,2.10177,2.10209,1.00,1.00
2015.08.07 10:20:47.355,2.10174,2.10203,1.00,1.00
2015.08.07 10:20:48.975,2.10173,2.10203,1.00,1.00
2015.08.07 10:20:49.026,2.10174,2.10207,1.00,1.00
2015.08.07 10:20:49.372,2.10187,2.10215,1.00,1.00
2015.08.07 10:20:49.422,2.10187,2.1022,1.50,1.00
2015.08.07 10:20:49.524,2.10189,2.1022,1.00,1.00
2015.08.07 10:20:49.827,2.10195,2.10225,1.00,1.34
2015.08.07 10:20:50.503,2.10195,2.10225,1.00,1.00
2015.08.07 10:20:50.929,2.10189,2.10221,1.50,1.00
2015.08.07 10:20:51.031,2.10198,2.1022,1.00,1.00
2015.08.07 10:20:51.183,2.10189,2.10212,1.00,1.00
2015.08.07 10:20:51.284,2.10186,2.10208,1.00,1.00
2015.08.07 10:20:51.335,2.10189,2.10214,1.00,1.00
2015.08.07 10:20:51.487,2.10193,2.10215,1.00,1.00
2015.08.07 10:20:53.525,2.10196,2.10218,1.00,1.00
2015.08.07 10:20:55.857,2.10199,2.10221,1.00,1.00
2015.08.07 10:20:57.138,2.10179,2.10203,1.00,1.00
2015.08.07 10:20:57.743,2.10175,2.10196,1.50,1.00
2015.08.07 10:20:58.046,2.10167,2.10189,2.25,1.00
2015.08.07 10:20:59.273,2.10169,2.10194,1.00,1.00
2015.08.07 10:21:01.737,2.10174,2.10198,1.00,1.00
2015.08.07 10:21:07.217,2.10168,2.10193,1.50,1.00
2015.08.07 10:21:07.268,2.10174,2.10197,1.00,1.00
2015.08.07 10:21:08.495,2.10176,2.10201,1.00,1.00
2015.08.07 10:21:13.906,2.10173,2.10198,1.00,1.00
2015.08.07 10:21:15.729,2.10183,2.10205,1.00,1.00
2015.08.07 10:21:15.832,2.10185,2.10208,1.00,1.00
2015.08.07 10:21:15.984,2.1018,2.10205,1.00,1.00
2015.08.07 10:21:16.035,2.10188,2.10213,1.00,1.00
2015.08.07 10:21:20.641,2.1019,2.10215,1.00,1.00
2015.08.07 10:21:24.690,2.10186,2.10209,1.00,1.00
2015.08.07 10:21:25.094,2.10184,2.10207,1.00,1.00
2015.08.07 10:21:28.871,2.10181,2.10205,1.00,1.00
2015.08.07 10:21:29.024,2.10178,2.10202,1.00,1.00
2015.08.07 10:21:29.428,2.10178,2.10197,1.00,1.00
2015.08.07 10:21:29.480,2.10166,2.1019,1.00,1.00
2015.08.07 10:21:29.531,2.10162,2.10187,1.00,1.00
2015.08.07 10:21:29.834,2.10161,2.10183,1.00,1.00
2015.08.07 10:21:35.440,2.10165,2.10188,1.00,1.00
2015.08.07 10:21:38.550,2.10162,2.10186,1.00,1.00
2015.08.07 10:21:47.967,2.1016,2.10183,1.00,1.00
2015.08.07 10:21:48.436,2.10163,2.10186,1.00,1.00
2015.08.07 10:21:52.731,2.10165,2.1019,1.00,1.00
2015.08.07 10:21:54.229,2.10169,2.10191,1.00,1.00
2015.08.07 10:21:56.889,2.10169,2.10189,1.00,1.00
2015.08.07 10:21:56.940,2.10161,2.10186,1.00,1.00
2015.08.07 10:21:56.991,2.10154,2.10177,1.34,1.00
2015.08.07 10:21:57.244,2.1015,2.10174,1.00,1.00
2015.08.07 10:21:58.095,2.10147,2.10172,1.00,1.00
2015.08.07 10:21:59.635,2.10151,2.10172,1.00,1.00
2015.08.07 10:21:59.889,2.10153,2.10177,1.50,1.00
2015.08.07 10:22:00.043,2.10156,2.10177,1.00,1.00
2015.08.07 10:22:00.504,2.10153,2.10177,1.50,1.00
2015.08.07 10:22:01.156,2.10157,2.10177,1.00,1.00
2015.08.07 10:22:01.459,2.1016,2.10177,1.00,1.00
2015.08.07 10:22:06.459,2.10159,2.10177,1.00,1.00
2015.08.07 10:22:07.332,2.1016,2.10177,1.00,1.00
2015.08.07 10:22:07.484,2.1016,2.10184,1.00,1.00
2015.08.07 10:22:07.535,2.10162,2.10184,1.00,1.00
2015.08.07 10:22:07.888,2.10164,2.10184,1.00,1.00
2015.08.07 10:22:08.383,2.10166,2.10184,1.00,1.00
2015.08.07 10:22:08.868,2.10166,2.10186,1.00,1.00
2015.08.07 10:22:08.970,2.10166,2.10189,1.00,1.00
2015.08.07 10:22:09.323,2.10171,2.10189,1.00,1.00
2015.08.07 10:22:09.858,2.10172,2.10195,1.00,1.00
2015.08.07 10:22:10.811,2.10174,2.10198,1.00,1.00
2015.08.07 10:22:13.926,2.10176,2.10198,1.00,1.00
2015.08.07 10:22:14.028,2.10174,2.10198,1.00,1.00
2015.08.07 10:22:14.179,2.10178,2.10203,1.00,1.00
2015.08.07 10:22:14.280,2.1018,2.10203,1.00,1.00
2015.08.07 10:22:14.590,2.10183,2.10203,1.00,1.00
2015.08.07 10:22:14.943,2.10187,2.10209,1.00,1.00
2015.08.07 10:22:15.448,2.10182,2.10205,1.00,1.00
2015.08.07 10:22:15.549,2.10179,2.10201,1.50,1.00
2015.08.07 10:22:17.456,2.10176,2.10199,1.00,1.00
2015.08.07 10:22:17.863,2.10173,2.10196,1.50,1.00
2015.08.07 10:22:20.077,2.10174,2.10196,1.00,1.00
2015.08.07 10:22:20.635,2.10173,2.10196,1.00,1.00
2015.08.07 10:22:21.283,2.10175,2.10196,1.00,1.00
2015.08.07 10:22:21.602,2.10173,2.10196,1.00,1.00
2015.08.07 10:22:22.636,2.10175,2.10196,1.00,1.00
2015.08.07 10:22:24.181,2.10176,2.10196,1.00,1.00
2015.08.07 10:22:24.686,2.10175,2.10196,1.00,1.00
2015.08.07 10:22:25.143,2.10173,2.10196,1.50,1.00
2015.08.07 10:22:25.453,2.10175,2.10196,1.00,1.00
2015.08.07 10:22:26.130,2.10176,2.10196,1.00,1.00
2015.08.07 10:22:26.181,2.10179,2.10203,1.00,1.00
2015.08.07 10:22:26.433,2.10185,2.10207,1.00,1.00
2015.08.07 10:22:26.534,2.10189,2.10212,1.00,1.00
2015.08.07 10:22:26.686,2.10191,2.10212,1.00,1.00
2015.08.07 10:22:26.992,2.10189,2.10212,1.00,1.00
2015.08.07 10:22:28.721,2.10186,2.10208,1.50,1.00
2015.08.07 10:22:29.543,2.10187,2.10208,1.00,1.00
2015.08.07 10:22:29.896,2.10189,2.10211,1.50,1.00
2015.08.07 10:22:34.202,2.10185,2.10208,1.00,1.00
2015.08.07 10:22:34.462,2.10182,2.10206,1.00,1.00
2015.08.07 10:22:34.788,2.1018,2.10203,1.00,1.00
2015.08.07 10:22:34.990,2.10172,2.10196,1.00,1.00
2015.08.07 10:22:38.867,2.10176,2.10198,1.00,1.00
2015.08.07 10:22:42.483,2.10174,2.10196,1.00,1.00
2015.08.07 10:22:43.291,2.10171,2.10193,1.00,1.00
2015.08.07 10:22:43.644,2.10167,2.10191,1.00,1.00
2015.08.07 10:22:45.406,2.10165,2.10187,1.00,1.00
2015.08.07 10:22:45.560,2.10161,2.10186,1.00,1.00
2015.08.07 10:22:45.762,2.10169,2.10191,1.00,1.00
2015.08.07 10:22:47.771,2.10174,2.10196,1.00,1.00
2015.08.07 10:22:49.183,2.10171,2.10194,1.00,1.00
2015.08.07 10:22:55.435,2.10168,2.1019,1.00,1.00
2015.08.07 10:22:57.468,2.10164,2.10187,1.00,1.00
2015.08.07 10:22:57.570,2.1016,2.10184,1.50,1.00
2015.08.07 10:22:57.881,2.10152,2.10177,1.00,1.00
2015.08.07 10:22:58.436,2.10158,2.1018,1.00,1.00
2015.08.07 10:22:59.223,2.10154,2.10179,1.00,1.00
2015.08.07 10:23:00.260,2.10152,2.10175,1.50,1.00
2015.08.07 10:23:00.610,2.10158,2.1018,1.00,1.00
2015.08.07 10:23:01.289,2.10159,2.10184,1.00,1.00
2015.08.07 10:23:03.641,2.10157,2.10181,1.00,1.00
2015.08.07 10:23:10.744,2.1016,2.10183,1.00,1.00
2015.08.07 10:23:12.159,2.10158,2.1018,1.00,1.00
2015.08.07 10:23:14.499,2.10153,2.10176,1.50,1.00
2015.08.07 10:23:14.651,2.10153,2.10174,1.00,1.00
2015.08.07 10:23:14.911,2.1015,2.10174,1.00,1.00
2015.08.07 10:23:16.010,2.10149,2.10171,1.00,1.00
2015.08.07 10:23:16.238,2.10143,2.10167,1.50,1.00
2015.08.07 10:23:18.868,2.1014,2.10164,1.00,1.00
2015.08.07 10:23:19.185,2.10119,2.10144,1.50,1.00
2015.08.07 10:23:19.286,2.1012,2.10142,1.00,1.00
2015.08.07 10:23:19.438,2.10122,2.10151,1.00,1.34
2015.08.07 10:23:19.540,2.10128,2.10153,1.00,1.34
2015.08.07 10:23:19.591,2.10125,2.10158,1.00,2.59
2015.08.07 10:23:19.693,2.10129,2.10158,1.00,1.84
2015.08.07 10:23:20.199,2.10125,2.10155,1.00,1.34
2015.08.07 10:23:20.724,2.10125,2.10156,1.00,1.00
2015.08.07 10:23:21.496,2.10122,2.10154,1.00,1.00
2015.08.07 10:23:22.253,2.10127,2.10159,1.00,1.00
2015.08.07 10:23:24.099,2.10127,2.10158,1.00,1.00
2015.08.07 10:23:24.556,2.10127,2.10156,1.00,1.00
2015.08.07 10:23:24.658,2.10124,2.10155,1.00,1.00
2015.08.07 10:23:26.687,2.10122,2.10152,1.00,1.00
2015.08.07 10:23:28.112,2.10121,2.10152,1.00,1.00
2015.08.07 10:23:28.490,2.10119,2.1015,1.00,1.00
2015.08.07 10:23:29.782,2.10133,2.1015,1.00,1.00
2015.08.07 10:23:29.884,2.10132,2.10156,1.50,1.00
2015.08.07 10:23:29.935,2.10132,2.10159,1.50,1.00
2015.08.07 10:23:30.164,2.10132,2.10161,1.50,1.00
2015.08.07 10:23:30.216,2.10132,2.10164,1.00,1.00
2015.08.07 10:23:30.890,2.10125,2.10158,1.00,1.00
2015.08.07 10:23:31.310,2.10129,2.10159,1.00,1.00
2015.08.07 10:23:31.360,2.10131,2.10162,1.00,1.00
2015.08.07 10:23:32.146,2.10128,2.10159,1.00,1.00
2015.08.07 10:23:32.447,2.10122,2.10154,1.00,1.00
2015.08.07 10:23:35.191,2.10121,2.10151,1.00,1.00
2015.08.07 10:23:35.596,2.10123,2.10151,1.00,1.00
2015.08.07 10:23:35.899,2.10121,2.10151,1.00,1.00
2015.08.07 10:23:36.000,2.1012,2.10149,1.00,1.00
2015.08.07 10:23:36.233,2.10118,2.10149,1.00,1.00
2015.08.07 10:23:36.284,2.10115,2.10147,1.00,1.00
2015.08.07 10:23:36.839,2.10117,2.1015,1.00,1.00
2015.08.07 10:23:42.403,2.10119,2.1015,1.00,1.00
2015.08.07 10:23:42.927,2.10117,2.1015,1.50,1.00
2015.08.07 10:23:44.653,2.10118,2.1015,1.00,1.00
2015.08.07 10:23:45.766,2.10117,2.1015,1.00,1.00
2015.08.07 10:23:54.229,2.10123,2.10151,1.00,1.00
2015.08.07 10:23:54.330,2.10126,2.10159,1.00,1.00
2015.08.07 10:23:59.159,2.10128,2.10159,1.00,1.00
2015.08.07 10:23:59.362,2.10126,2.10159,2.25,1.00
2015.08.07 10:23:59.514,2.10129,2.10161,1.00,1.00
2015.08.07 10:24:00.119,2.10131,2.10164,1.50,1.00
2015.08.07 10:24:00.169,2.10134,2.10167,1.50,1.00
2015.08.07 10:24:00.471,2.10139,2.10171,1.00,1.00
2015.08.07 10:24:05.164,2.10141,2.10173,1.00,1.00
2015.08.07 10:24:05.557,2.10143,2.10166,1.00,1.00
2015.08.07 10:24:08.840,2.10146,2.10169,1.00,1.00
2015.08.07 10:24:09.472,2.10142,2.10164,1.00,1.00
2015.08.07 10:24:13.334,2.10139,2.10162,1.00,1.00
2015.08.07 10:24:14.202,2.10143,2.10165,1.00,1.00
2015.08.07 10:24:21.575,2.10144,2.10168,1.00,1.00
2015.08.07 10:24:23.632,2.10149,2.10173,1.00,1.00
2015.08.07 10:24:23.958,2.10152,2.10175,1.00,1.00
2015.08.07 10:24:24.613,2.10149,2.10173,1.00,1.00
2015.08.07 10:24:24.714,2.1016,2.10182,1.00,1.00
2015.08.07 10:24:25.096,2.10162,2.10186,1.00,1.00
2015.08.07 10:24:25.650,2.10159,2.10184,1.00,1.00
2015.08.07 10:24:26.598,2.10146,2.10186,1.50,1.00
2015.08.07 10:24:26.699,2.10152,2.10176,1.00,1.00
2015.08.07 10:24:27.008,2.10149,2.10173,1.00,1.00
2015.08.07 10:24:27.461,2.10151,2.10176,1.00,1.00
2015.08.07 10:24:27.563,2.10155,2.10177,1.00,1.00
2015.08.07 10:24:27.866,2.10158,2.1018,1.00,1.00
2015.08.07 10:24:28.169,2.10151,2.10173,1.00,1.00
2015.08.07 10:24:30.096,2.10156,2.10179,1.00,1.00
2015.08.07 10:24:32.074,2.10158,2.10183,1.00,1.00
2015.08.07 10:24:32.747,2.10162,2.10186,1.00,1.00
2015.08.07 10:24:35.871,2.10157,2.1018,1.00,1.00
2015.08.07 10:24:36.023,2.10152,2.10176,1.00,1.00
2015.08.07 10:24:36.764,2.10155,2.10178,1.00,1.00
2015.08.07 10:24:36.866,2.10166,2.1019,1.00,1.00
2015.08.07 10:24:37.221,2.10158,2.10183,1.00,1.00
2015.08.07 10:24:37.372,2.10155,2.1018,1.00,1.00
2015.08.07 10:24:37.947,2.1016,2.10185,1.00,1.00
2015.08.07 10:24:38.456,2.10163,2.10188,1.00,1.00
2015.08.07 10:24:38.805,2.10156,2.1018,1.00,1.00
2015.08.07 10:24:38.856,2.10152,2.10177,1.00,1.00
2015.08.07 10:24:40.028,2.10151,2.10173,1.00,1.00
2015.08.07 10:24:40.331,2.10154,2.10176,1.00,1.00
2015.08.07 10:24:42.927,2.10151,2.10173,1.00,1.00
2015.08.07 10:24:43.079,2.10146,2.10171,1.00,1.00
2015.08.07 10:24:43.433,2.10144,2.10167,1.00,1.00
2015.08.07 10:24:44.650,2.10147,2.10169,1.00,1.00
2015.08.07 10:24:44.959,2.10143,2.10167,1.00,1.00
2015.08.07 10:24:45.769,2.10146,2.10169,1.00,1.00
2015.08.07 10:24:49.704,2.10148,2.10173,1.00,1.00
2015.08.07 10:24:49.755,2.10152,2.10175,1.00,1.00
2015.08.07 10:24:59.292,2.10149,2.10172,1.00,1.00
2015.08.07 10:25:00.097,2.10154,2.10177,1.00,1.00
2015.08.07 10:25:01.804,2.10151,2.10175,1.00,1.00
2015.08.07 10:25:01.956,2.10148,2.10173,1.00,1.00
2015.08.07 10:25:02.057,2.10142,2.10164,1.00,1.00
2015.08.07 10:25:02.585,2.10143,2.10165,1.00,1.00
2015.08.07 10:25:02.839,2.10145,2.10168,1.00,1.00
2015.08.07 10:25:03.093,2.10148,2.1017,1.00,1.00
2015.08.07 10:25:03.396,2.10154,2.10176,1.00,1.00
2015.08.07 10:25:03.661,2.10149,2.10172,1.00,1.00
2015.08.07 10:25:04.116,2.10152,2.10177,1.00,1.00
2015.08.07 10:25:04.784,2.10164,2.10187,1.00,1.00
2015.08.07 10:25:05.037,2.10162,2.10186,1.00,1.00
2015.08.07 10:25:05.189,2.10166,2.10188,1.00,1.00
2015.08.07 10:25:05.492,2.10161,2.10186,1.00,1.00
2015.08.07 10:25:07.529,2.10166,2.1019,1.00,1.00
2015.08.07 10:25:16.406,2.10158,2.1018,1.00,1.00
2015.08.07 10:25:17.014,2.10154,2.10179,1.00,1.00
2015.08.07 10:25:17.399,2.10157,2.10181,1.00,1.00
2015.08.07 10:25:18.739,2.10149,2.10172,1.00,1.00
2015.08.07 10:25:18.891,2.10146,2.1017,1.00,1.00
2015.08.07 10:25:18.992,2.10149,2.10172,1.00,1.00
2015.08.07 10:25:19.310,2.10147,2.10169,1.00,1.00
2015.08.07 10:25:24.065,2.10144,2.10167,1.00,1.00
2015.08.07 10:25:26.809,2.10141,2.10166,1.00,1.00
2015.08.07 10:25:32.132,2.10146,2.10168,1.00,1.00
2015.08.07 10:25:33.897,2.10147,2.10168,1.00,1.00
2015.08.07 10:25:34.099,2.1015,2.10172,1.00,1.00
2015.08.07 10:25:35.951,2.10152,2.10174,1.00,1.00
2015.08.07 10:25:49.702,2.10156,2.10174,1.00,1.00
2015.08.07 10:25:49.995,2.10164,2.10187,1.00,1.00
2015.08.07 10:25:50.703,2.10162,2.10184,1.00,1.00
2015.08.07 10:25:50.753,2.10164,2.10187,1.00,1.00
2015.08.07 10:25:51.023,2.10169,2.10187,1.00,1.00
2015.08.07 10:25:51.225,2.1017,2.10192,1.00,1.00
2015.08.07 10:25:51.759,2.10167,2.10189,1.00,1.00
2015.08.07 10:25:52.207,2.10167,2.10187,1.00,1.00
2015.08.07 10:25:52.510,2.10168,2.10193,1.50,1.00
2015.08.07 10:25:53.216,2.10169,2.10193,1.00,1.00
2015.08.07 10:25:53.962,2.10168,2.10193,1.50,1.00
2015.08.07 10:25:54.571,2.1017,2.10189,1.00,1.00
2015.08.07 10:25:54.672,2.10166,2.10189,1.00,1.00
2015.08.07 10:25:54.773,2.10168,2.10189,1.00,1.00
2015.08.07 10:25:55.179,2.10166,2.10189,1.00,1.00
2015.08.07 10:25:55.533,2.10168,2.10189,1.00,1.00
2015.08.07 10:25:56.059,2.10167,2.10189,1.00,1.00
2015.08.07 10:25:56.378,2.10169,2.10189,1.00,1.00
2015.08.07 10:25:56.644,2.10166,2.10189,1.00,1.00
2015.08.07 10:25:56.981,2.10168,2.10189,1.00,1.00
2015.08.07 10:25:57.183,2.10166,2.10189,1.50,1.00
2015.08.07 10:25:57.436,2.10168,2.10189,1.00,1.00
2015.08.07 10:25:57.537,2.10169,2.10192,1.50,1.00
2015.08.07 10:25:58.263,2.10165,2.10187,1.00,1.00
2015.08.07 10:25:58.415,2.1016,2.10185,1.50,1.00
2015.08.07 10:25:59.201,2.10164,2.10185,1.00,1.00
2015.08.07 10:25:59.354,2.10165,2.10188,1.00,1.00
2015.08.07 10:25:59.506,2.10163,2.10185,1.50,1.00
2015.08.07 10:25:59.809,2.10166,2.10188,1.50,1.00
2015.08.07 10:26:00.437,2.10163,2.10185,1.00,1.00
2015.08.07 10:26:01.057,2.1016,2.10184,1.00,1.00
2015.08.07 10:26:01.259,2.10162,2.10184,1.00,1.00
2015.08.07 10:26:01.720,2.1016,2.10184,1.00,1.00
2015.08.07 10:26:02.010,2.10163,2.10184,1.00,1.00
2015.08.07 10:26:02.314,2.10167,2.10184,1.00,1.00
2015.08.07 10:26:02.364,2.10164,2.10184,1.00,1.00
2015.08.07 10:26:02.466,2.10161,2.10184,1.00,1.00
2015.08.07 10:26:02.810,2.10164,2.10184,1.00,1.00
2015.08.07 10:26:03.590,2.10165,2.10184,1.00,1.00
2015.08.07 10:26:04.142,2.10168,2.10188,1.00,1.00
2015.08.07 10:26:04.244,2.10171,2.10188,1.00,1.00
2015.08.07 10:26:04.350,2.10169,2.10188,1.00,1.00
2015.08.07 10:26:04.451,2.10166,2.10188,1.00,1.00
2015.08.07 10:26:05.023,2.10168,2.10188,1.00,1.00
2015.08.07 10:26:05.226,2.10169,2.10191,1.00,1.00
2015.08.07 10:26:05.440,2.10175,2.10191,1.00,1.00
2015.08.07 10:26:05.490,2.10175,2.10193,1.00,1.00
2015.08.07 10:26:05.541,2.10173,2.10193,1.00,1.00
2015.08.07 10:26:05.592,2.10173,2.10196,1.00,1.00
2015.08.07 10:26:05.693,2.10176,2.10199,1.00,1.00
2015.08.07 10:26:06.202,2.10176,2.10197,1.00,1.00
2015.08.07 10:26:06.692,2.10175,2.10199,1.50,1.00
2015.08.07 10:26:06.794,2.1018,2.10202,1.00,1.00
2015.08.07 10:26:07.761,2.10177,2.10199,1.00,1.00
2015.08.07 10:26:14.083,2.10179,2.10202,1.00,1.00
2015.08.07 10:26:15.218,2.10182,2.10204,1.00,1.00
2015.08.07 10:26:16.771,2.10184,2.10207,1.00,1.00
2015.08.07 10:26:17.476,2.10182,2.10204,1.00,1.00
2015.08.07 10:26:19.264,2.10184,2.10207,1.00,1.00
2015.08.07 10:26:19.874,2.10181,2.10205,1.00,1.00
2015.08.07 10:26:20.026,2.10179,2.10202,1.00,1.00
2015.08.07 10:26:20.485,2.10181,2.10205,1.00,1.00
2015.08.07 10:26:22.140,2.10179,2.10202,1.00,1.00
2015.08.07 10:26:22.909,2.1018,2.10202,1.00,1.00
2015.08.07 10:26:23.565,2.10179,2.10202,1.00,1.00
2015.08.07 10:26:23.616,2.10176,2.102,1.50,1.00
2015.08.07 10:26:23.950,2.1018,2.102,1.00,1.00
2015.08.07 10:26:24.051,2.10177,2.102,1.00,1.00
2015.08.07 10:26:24.506,2.10175,2.10197,1.00,1.00
2015.08.07 10:26:24.607,2.10172,2.10197,1.00,1.00
2015.08.07 10:26:25.212,2.10171,2.10193,1.00,1.00
2015.08.07 10:26:25.415,2.10173,2.10196,1.00,1.00
2015.08.07 10:26:26.143,2.10176,2.10196,1.00,1.00
2015.08.07 10:26:26.448,2.10179,2.10198,1.00,1.00
2015.08.07 10:26:29.729,2.10176,2.10198,1.50,1.00
2015.08.07 10:26:30.069,2.10177,2.10201,1.00,1.00
2015.08.07 10:26:30.874,2.10179,2.10201,1.00,1.00
2015.08.07 10:26:31.215,2.1018,2.10205,1.50,1.00
2015.08.07 10:26:31.568,2.10179,2.10201,1.00,1.00
2015.08.07 10:26:35.009,2.1018,2.10201,1.00,1.00
2015.08.07 10:26:35.512,2.10179,2.10201,1.50,1.00
2015.08.07 10:26:36.511,2.10176,2.10199,1.00,1.00
2015.08.07 10:26:37.456,2.10179,2.10199,1.00,1.00
2015.08.07 10:26:37.871,2.10176,2.10199,1.50,1.00
2015.08.07 10:26:38.376,2.10177,2.10199,1.00,1.00
2015.08.07 10:26:38.426,2.10179,2.10199,1.00,1.00
2015.08.07 10:26:39.041,2.10177,2.10199,1.00,1.00
2015.08.07 10:26:39.557,2.10176,2.10199,1.50,1.00
2015.08.07 10:26:40.113,2.1018,2.10199,1.00,1.00
2015.08.07 10:26:40.214,2.10179,2.10202,1.00,1.00
2015.08.07 10:26:44.109,2.10176,2.10199,1.00,1.00
2015.08.07 10:26:46.041,2.10175,2.10196,1.00,1.00
2015.08.07 10:26:46.143,2.10173,2.10196,1.00,1.00
2015.08.07 10:26:46.244,2.10168,2.1019,1.00,1.00
2015.08.07 10:26:48.349,2.10165,2.10187,1.00,1.00
2015.08.07 10:26:50.560,2.10167,2.10187,1.00,1.00
2015.08.07 10:26:50.763,2.10165,2.10187,1.00,1.00
2015.08.07 10:26:51.099,2.10167,2.1019,1.00,1.00
2015.08.07 10:26:51.352,2.10163,2.10187,1.00,1.00
2015.08.07 10:26:56.524,2.10161,2.10185,1.00,1.00
2015.08.07 10:26:56.837,2.10158,2.10182,1.00,1.00
2015.08.07 10:26:57.494,2.10159,2.10182,1.00,1.00
2015.08.07 10:26:58.921,2.10158,2.10182,1.00,1.00
2015.08.07 10:26:59.556,2.1016,2.10182,1.00,1.00
2015.08.07 10:27:00.061,2.10161,2.10182,1.00,1.00
2015.08.07 10:27:00.377,2.10161,2.10179,1.00,1.00
2015.08.07 10:27:00.886,2.1016,2.10179,1.00,1.00
2015.08.07 10:27:01.208,2.10157,2.10179,1.50,1.00
2015.08.07 10:27:03.411,2.10158,2.10179,1.00,1.00
2015.08.07 10:27:03.912,2.10157,2.10179,1.00,1.00
2015.08.07 10:27:05.368,2.10157,2.10176,1.00,1.00
2015.08.07 10:27:05.621,2.10147,2.10169,1.00,1.00
2015.08.07 10:27:06.193,2.10151,2.10169,1.00,1.00
2015.08.07 10:27:06.295,2.10151,2.10175,1.00,1.00
2015.08.07 10:27:06.446,2.10148,2.1017,1.50,1.00
2015.08.07 10:27:07.002,2.10144,2.10168,1.00,1.00
2015.08.07 10:27:07.336,2.10142,2.10165,1.00,1.00
2015.08.07 10:27:07.842,2.10144,2.10165,1.00,1.00
2015.08.07 10:27:07.893,2.10145,2.10168,1.00,1.00
2015.08.07 10:27:08.196,2.10149,2.10172,1.00,1.00
2015.08.07 10:27:10.958,2.10146,2.10169,1.00,1.00
2015.08.07 10:27:11.261,2.10141,2.10164,1.00,1.00
2015.08.07 10:27:11.598,2.10144,2.10164,1.00,1.00
2015.08.07 10:27:12.470,2.10146,2.10167,1.00,1.00
2015.08.07 10:27:12.774,2.10146,2.1017,1.00,1.00
2015.08.07 10:27:13.308,2.10145,2.1017,1.00,1.00
2015.08.07 10:27:13.833,2.10144,2.1017,1.00,1.00
2015.08.07 10:27:14.559,2.10145,2.1017,1.00,1.00
2015.08.07 10:27:16.729,2.10144,2.1017,1.00,1.00
2015.08.07 10:27:17.266,2.10145,2.1017,1.00,1.00
2015.08.07 10:27:17.957,2.10146,2.1017,1.00,1.00
2015.08.07 10:27:23.284,2.10146,2.10166,1.00,1.00
2015.08.07 10:27:23.588,2.10144,2.10166,1.50,1.00
2015.08.07 10:27:24.102,2.10145,2.10166,1.00,1.00
2015.08.07 10:27:24.608,2.10145,2.10165,1.00,1.00
2015.08.07 10:27:24.759,2.10141,2.10165,1.00,1.00
2015.08.07 10:27:24.977,2.10139,2.10161,1.50,1.00
2015.08.07 10:27:25.885,2.10141,2.10161,1.00,1.00
2015.08.07 10:27:27.848,2.1014,2.10161,1.00,1.00
2015.08.07 10:27:28.000,2.1014,2.10165,1.50,1.00
2015.08.07 10:27:29.070,2.10138,2.1016,1.00,1.00
2015.08.07 10:27:29.726,2.10137,2.1016,1.50,1.00
2015.08.07 10:27:30.029,2.10139,2.1016,1.00,1.00
2015.08.07 10:27:30.278,2.10137,2.1016,1.50,1.00
2015.08.07 10:27:31.604,2.10134,2.10155,1.00,1.00
2015.08.07 10:27:31.655,2.10132,2.10155,1.00,1.00
2015.08.07 10:27:31.706,2.10134,2.10155,1.00,1.00
2015.08.07 10:27:32.211,2.10133,2.10155,1.00,1.00
2015.08.07 10:27:32.363,2.10135,2.1016,1.00,1.00
2015.08.07 10:27:32.782,2.10137,2.1016,1.00,1.00
2015.08.07 10:27:35.214,2.10138,2.1016,1.00,1.00
2015.08.07 10:27:35.622,2.10138,2.10162,1.50,1.00
2015.08.07 10:27:35.673,2.10141,2.10162,1.00,1.00
2015.08.07 10:27:35.724,2.10142,2.10166,1.00,1.00
2015.08.07 10:27:35.775,2.10148,2.10166,1.00,1.00
2015.08.07 10:27:35.876,2.10144,2.10166,1.00,1.00
2015.08.07 10:27:35.978,2.10146,2.10166,1.00,1.00
2015.08.07 10:27:36.282,2.10149,2.10166,1.00,1.00
2015.08.07 10:27:36.333,2.10149,2.10172,1.00,1.00
2015.08.07 10:27:36.656,2.10147,2.10172,1.00,1.00
2015.08.07 10:27:36.758,2.10143,2.10168,1.50,1.00
2015.08.07 10:27:37.222,2.10145,2.1017,1.50,1.00
2015.08.07 10:27:39.553,2.10143,2.10166,1.00,1.00
2015.08.07 10:27:40.059,2.10141,2.10164,1.00,1.00
2015.08.07 10:27:41.599,2.10139,2.10161,1.00,1.00
2015.08.07 10:27:43.784,2.10134,2.10157,1.00,1.00
2015.08.07 10:27:44.188,2.10132,2.10154,1.00,1.00
2015.08.07 10:27:47.034,2.10134,2.10157,1.00,1.00
2015.08.07 10:27:51.643,2.10136,2.1016,1.00,1.00
2015.08.07 10:27:52.186,2.10134,2.10157,1.00,1.00
2015.08.07 10:27:52.567,2.1013,2.10154,1.00,1.00
2015.08.07 10:27:54.152,2.10133,2.10156,1.00,1.00
2015.08.07 10:27:55.927,2.10125,2.10148,1.00,1.00
2015.08.07 10:27:57.499,2.10128,2.1015,1.00,1.00
2015.08.07 10:28:10.163,2.1013,2.10154,1.00,1.00
2015.08.07 10:28:13.543,2.10132,2.10157,1.00,1.00
2015.08.07 10:28:16.987,2.10131,2.10153,1.00,1.00
2015.08.07 10:28:17.951,2.10133,2.10156,1.00,1.00
2015.08.07 10:28:18.692,2.10135,2.10159,1.00,1.00
2015.08.07 10:28:20.757,2.10133,2.10156,1.00,1.00
2015.08.07 10:28:22.809,2.10128,2.1015,1.00,1.00
2015.08.07 10:28:22.911,2.10121,2.10145,1.00,1.37
2015.08.07 10:28:22.962,2.10117,2.10139,1.50,1.00
2015.08.07 10:28:23.164,2.10112,2.10136,1.00,1.00
2015.08.07 10:28:23.215,2.1011,2.10133,1.00,1.00
2015.08.07 10:28:23.696,2.10108,2.1013,1.00,1.00
2015.08.07 10:28:23.747,2.10104,2.10129,1.00,1.00
2015.08.07 10:28:23.798,2.101,2.10135,1.50,1.37
2015.08.07 10:28:23.849,2.10095,2.10135,1.00,1.37
