2015.08.05 09:00:00.835,2.11518,2.11549,1.00,1.00
2015.08.05 09:00:01.191,2.11514,2.11545,1.00,1.50
2015.08.05 09:00:01.293,2.11501,2.11534,1.00,1.00
2015.08.05 09:00:01.495,2.11499,2.11531,1.00,1.00
2015.08.05 09:00:01.962,2.11506,2.11538,1.00,1.00
2015.08.05 09:00:02.215,2.11508,2.11541,1.00,1.00
2015.08.05 09:00:02.680,2.11506,2.11537,1.00,1.00
2015.08.05 09:00:02.933,2.1151,2.11542,1.00,1.00
2015.08.05 09:00:03.185,2.11514,2.11542,1.00,1.00
2015.08.05 09:00:03.236,2.11514,2.11545,1.00,1.00
2015.08.05 09:00:03.287,2.1152,2.11552,1.00,1.00
2015.08.05 09:00:03.501,2.1152,2.11544,1.00,1.00
2015.08.05 09:00:03.556,2.11522,2.11553,1.00,1.00
2015.08.05 09:00:04.061,2.11535,2.11557,1.00,1.50
2015.08.05 09:00:04.112,2.11536,2.11561,1.00,1.00
2015.08.05 09:00:04.213,2.11519,2.11545,1.00,1.00
2015.08.05 09:00:04.424,2.11514,2.11545,1.00,1.00
2015.08.05 09:00:04.475,2.11512,2.11542,1.00,1.00
2015.08.05 09:00:04.526,2.1152,2.11551,1.00,1.00
2015.08.05 09:00:04.728,2.11522,2.11554,1.00,1.00
2015.08.05 09:00:04.829,2.1152,2.11551,1.00,1.00
2015.08.05 09:00:05.133,2.11529,2.1156,1.00,1.00
2015.08.05 09:00:05.336,2.11525,2.11572,1.00,1.00
2015.08.05 09:00:05.387,2.11542,2.11572,1.00,1.00
2015.08.05 09:00:06.935,2.11539,2.11572,1.00,1.50
2015.08.05 09:00:07.238,2.11526,2.11557,1.00,1.00
2015.08.05 09:00:07.553,2.11529,2.1156,1.00,1.00
2015.08.05 09:00:07.805,2.11541,2.11574,1.00,1.00
2015.08.05 09:00:07.907,2.11535,2.11571,1.00,1.00
2015.08.05 09:00:08.407,2.11543,2.11571,1.00,1.00
2015.08.05 09:00:08.711,2.1155,2.11571,1.00,1.00
2015.08.05 09:00:08.813,2.1155,2.11582,1.00,1.00
2015.08.05 09:00:08.915,2.11548,2.11582,1.00,1.00
2015.08.05 09:00:08.966,2.11548,2.11588,1.00,1.00
2015.08.05 09:00:09.017,2.11545,2.11585,1.00,1.00
2015.08.05 09:00:09.169,2.11541,2.11582,1.00,1.00
2015.08.05 09:00:10.727,2.11546,2.11585,1.00,1.00
2015.08.05 09:00:10.778,2.11541,2.11581,1.00,1.00
2015.08.05 09:00:11.182,2.11548,2.11581,1.00,1.00
2015.08.05 09:00:11.501,2.11545,2.11576,1.00,1.00
2015.08.05 09:00:11.986,2.11549,2.11572,1.00,1.00
2015.08.05 09:00:12.290,2.11559,2.11583,1.00,1.00
2015.08.05 09:00:12.430,2.11563,2.11591,1.00,1.00
2015.08.05 09:00:12.582,2.11571,2.11593,1.00,1.00
2015.08.05 09:00:12.683,2.1157,2.11597,1.00,1.00
2015.08.05 09:00:12.734,2.11577,2.11602,1.00,1.50
2015.08.05 09:00:12.937,2.11573,2.11602,1.00,1.00
2015.08.05 09:00:13.191,2.11561,2.11592,1.00,1.00
2015.08.05 09:00:13.292,2.11559,2.1159,1.00,1.00
2015.08.05 09:00:13.510,2.11551,2.11584,1.00,1.00
2015.08.05 09:00:13.611,2.1156,2.11592,1.00,1.00
2015.08.05 09:00:13.915,2.11547,2.11578,1.00,1.00
2015.08.05 09:00:14.218,2.11549,2.11573,1.00,1.00
2015.08.05 09:00:14.420,2.11552,2.11577,1.00,1.00
2015.08.05 09:00:14.622,2.1155,2.11572,1.00,1.00
2015.08.05 09:00:14.723,2.11559,2.11582,1.00,1.00
2015.08.05 09:00:15.129,2.1155,2.11573,1.00,1.00
2015.08.05 09:00:15.281,2.11547,2.11571,1.00,1.00
2015.08.05 09:00:15.970,2.11555,2.11577,1.00,1.00
2015.08.05 09:00:16.172,2.11557,2.1158,1.00,1.00
2015.08.05 09:00:17.982,2.11557,2.11579,1.00,1.00
2015.08.05 09:00:18.083,2.11555,2.11576,1.00,1.00
2015.08.05 09:00:18.386,2.1155,2.11571,1.00,1.00
2015.08.05 09:00:18.588,2.11538,2.11569,1.00,1.00
2015.08.05 09:00:18.740,2.11554,2.11569,1.00,1.00
2015.08.05 09:00:19.088,2.11558,2.11569,1.00,1.00
2015.08.05 09:00:20.137,2.11555,2.11569,1.00,1.00
2015.08.05 09:00:20.790,2.11555,2.11566,1.00,1.00
2015.08.05 09:00:20.891,2.11531,2.11557,1.00,1.00
2015.08.05 09:00:20.942,2.11531,2.11553,1.00,1.00
2015.08.05 09:00:20.993,2.1152,2.11552,1.00,1.00
2015.08.05 09:00:21.094,2.11514,2.11553,1.00,1.34
2015.08.05 09:00:21.246,2.11508,2.11552,1.00,1.34
2015.08.05 09:00:21.461,2.11518,2.11549,1.00,1.00
2015.08.05 09:00:21.764,2.11527,2.11549,1.00,1.50
2015.08.05 09:00:22.269,2.11528,2.11551,1.00,1.34
2015.08.05 09:00:22.580,2.11513,2.11536,1.00,1.00
2015.08.05 09:00:22.732,2.11508,2.11551,1.00,1.71
2015.08.05 09:00:22.833,2.11501,2.1155,2.17,2.59
2015.08.05 09:00:22.883,2.11509,2.11533,1.00,1.00
2015.08.05 09:00:23.086,2.11496,2.11544,1.00,1.50
2015.08.05 09:00:23.187,2.11495,2.11541,1.50,1.00
2015.08.05 09:00:23.555,2.11492,2.11538,1.67,1.84
2015.08.05 09:00:23.858,2.11489,2.11522,3.67,1.00
2015.08.05 09:00:23.909,2.11494,2.11538,1.37,2.59
2015.08.05 09:00:24.011,2.11496,2.1154,1.50,1.34
2015.08.05 09:00:24.112,2.11508,2.11538,1.00,1.00
2015.08.05 09:00:24.163,2.11504,2.11535,1.00,1.00
2015.08.05 09:00:24.214,2.11498,2.11528,1.00,1.00
2015.08.05 09:00:24.265,2.11507,2.11538,1.00,1.00
2015.08.05 09:00:24.316,2.11507,2.11538,1.00,1.34
2015.08.05 09:00:24.742,2.11509,2.11537,1.00,1.00
2015.08.05 09:00:24.843,2.11509,2.11541,1.00,2.21
2015.08.05 09:00:25.146,2.11509,2.11535,1.00,1.00
2015.08.05 09:00:25.348,2.11501,2.11531,1.00,1.34
2015.08.05 09:00:25.663,2.11497,2.1153,1.00,1.09
2015.08.05 09:00:25.714,2.11494,2.11526,1.00,1.00
2015.08.05 09:00:25.868,2.11487,2.1152,1.00,1.00
2015.08.05 09:00:25.970,2.11481,2.11527,1.00,1.75
2015.08.05 09:00:26.021,2.11485,2.11515,1.00,1.00
2015.08.05 09:00:26.122,2.11474,2.11522,1.00,1.34
2015.08.05 09:00:26.274,2.11482,2.11515,1.00,1.00
2015.08.05 09:00:26.577,2.11479,2.11511,1.00,1.00
2015.08.05 09:00:27.233,2.11476,2.11509,1.00,1.00
2015.08.05 09:00:27.738,2.11477,2.11508,1.00,1.00
2015.08.05 09:00:28.728,2.11479,2.1151,1.00,1.00
2015.08.05 09:00:29.031,2.11469,2.11499,1.00,1.02
2015.08.05 09:00:29.264,2.11466,2.11496,2.25,1.00
2015.08.05 09:00:29.686,2.11472,2.11505,1.00,1.02
2015.08.05 09:00:29.990,2.1147,2.11506,1.00,1.02
2015.08.05 09:00:30.576,2.1147,2.11508,1.00,1.52
2015.08.05 09:00:30.778,2.11466,2.11503,1.00,1.02
2015.08.05 09:00:31.313,2.11465,2.11503,1.00,1.36
2015.08.05 09:00:31.835,2.11465,2.11503,1.00,1.36
2015.08.05 09:00:32.368,2.11465,2.11503,1.00,1.36
2015.08.05 09:00:32.897,2.11465,2.11502,1.00,1.36
2015.08.05 09:00:33.441,2.11465,2.11502,1.00,1.36
2015.08.05 09:00:34.054,2.11465,2.11502,1.00,1.36
2015.08.05 09:00:35.507,2.11461,2.11498,1.00,1.00
2015.08.05 09:00:35.558,2.11461,2.11491,1.00,1.00
2015.08.05 09:00:35.864,2.11461,2.11486,1.00,1.00
2015.08.05 09:00:36.066,2.1146,2.11488,1.00,1.00
2015.08.05 09:00:36.167,2.1146,2.11484,1.00,1.00
2015.08.05 09:00:36.369,2.11459,2.11495,1.00,1.09
2015.08.05 09:00:36.944,2.11459,2.11497,1.00,1.00
2015.08.05 09:00:37.096,2.11468,2.11501,1.00,1.02
2015.08.05 09:00:37.799,2.11473,2.11502,1.00,1.02
2015.08.05 09:00:38.215,2.11466,2.11502,1.00,1.52
2015.08.05 09:00:39.387,2.11461,2.11499,1.00,1.48
2015.08.05 09:00:40.237,2.11459,2.11492,1.00,1.34
2015.08.05 09:00:40.689,2.11455,2.1149,1.00,1.84
2015.08.05 09:00:40.740,2.11451,2.11482,1.00,1.00
2015.08.05 09:00:40.791,2.11449,2.11482,1.00,1.00
2015.08.05 09:00:40.842,2.11445,2.11479,1.00,1.00
2015.08.05 09:00:40.893,2.11439,2.11474,1.00,1.00
2015.08.05 09:00:41.270,2.11436,2.11474,1.00,1.50
2015.08.05 09:00:41.371,2.11431,2.11469,1.00,1.00
2015.08.05 09:00:41.683,2.11427,2.11462,1.50,1.50
2015.08.05 09:00:41.784,2.11414,2.11456,1.00,1.00
2015.08.05 09:00:41.885,2.11421,2.11457,1.00,1.00
2015.08.05 09:00:41.937,2.11414,2.11458,1.00,1.00
2015.08.05 09:00:41.988,2.11411,2.1146,1.00,1.00
2015.08.05 09:00:42.240,2.11415,2.11451,1.00,1.00
2015.08.05 09:00:42.704,2.11411,2.11451,1.00,1.00
2015.08.05 09:00:42.755,2.1142,2.11457,1.00,1.46
2015.08.05 09:00:42.907,2.11416,2.11452,1.00,1.09
2015.08.05 09:00:43.210,2.11419,2.1146,1.00,1.48
2015.08.05 09:00:43.571,2.11419,2.1146,1.00,1.87
2015.08.05 09:00:43.622,2.11416,2.11458,1.00,1.37
2015.08.05 09:00:43.673,2.11411,2.1146,1.00,1.75
2015.08.05 09:00:43.725,2.11404,2.11453,1.50,1.50
2015.08.05 09:00:43.827,2.11404,2.1145,1.50,1.00
2015.08.05 09:00:43.929,2.11398,2.11447,1.00,1.50
2015.08.05 09:00:43.981,2.11415,2.1144,1.00,1.00
2015.08.05 09:00:44.295,2.11401,2.11445,1.00,1.05
2015.08.05 09:00:44.448,2.11401,2.11449,1.00,1.12
2015.08.05 09:00:44.499,2.11392,2.1145,1.00,1.00
2015.08.05 09:00:44.550,2.11392,2.11451,1.00,1.75
2015.08.05 09:00:44.601,2.11389,2.11449,1.00,1.37
2015.08.05 09:00:44.652,2.11389,2.11429,1.00,1.00
2015.08.05 09:00:44.703,2.11389,2.11446,1.50,1.71
2015.08.05 09:00:44.805,2.11398,2.11444,1.00,1.46
2015.08.05 09:00:45.158,2.11397,2.11439,1.00,1.12
2015.08.05 09:00:45.473,2.11396,2.11433,1.00,1.00
2015.08.05 09:00:45.524,2.11394,2.11433,1.00,1.00
2015.08.05 09:00:45.625,2.11396,2.11433,1.00,1.00
2015.08.05 09:00:45.727,2.11396,2.11436,1.00,1.00
2015.08.05 09:00:45.878,2.11395,2.11442,1.50,1.34
2015.08.05 09:00:45.929,2.11395,2.11438,1.00,1.00
2015.08.05 09:00:46.282,2.11396,2.11433,1.00,1.00
2015.08.05 09:00:46.334,2.11388,2.11433,1.00,1.00
2015.08.05 09:00:46.385,2.11389,2.11436,1.00,1.00
2015.08.05 09:00:46.487,2.11386,2.11428,1.12,1.00
2015.08.05 09:00:46.538,2.11384,2.11428,1.50,1.00
2015.08.05 09:00:46.741,2.11388,2.11435,1.00,1.00
2015.08.05 09:00:46.792,2.1139,2.11435,1.00,1.00
2015.08.05 09:00:47.095,2.11389,2.11422,1.00,1.34
2015.08.05 09:00:47.227,2.11379,2.11422,1.00,1.34
2015.08.05 09:00:47.429,2.11375,2.11422,2.25,1.34
2015.08.05 09:00:47.935,2.11377,2.11418,1.00,1.00
2015.08.05 09:00:48.283,2.11381,2.11418,1.00,1.00
2015.08.05 09:00:48.398,2.11378,2.11418,1.00,1.00
2015.08.05 09:00:48.550,2.11378,2.11412,1.00,1.84
2015.08.05 09:00:48.601,2.11376,2.11408,1.12,1.34
2015.08.05 09:00:48.803,2.11378,2.11408,1.00,1.00
2015.08.05 09:00:48.905,2.11377,2.11417,1.00,1.76
2015.08.05 09:00:49.139,2.11375,2.1142,1.00,1.34
2015.08.05 09:00:49.241,2.11379,2.1142,1.00,1.34
2015.08.05 09:00:49.405,2.11376,2.1142,1.00,1.34
2015.08.05 09:00:50.182,2.11373,2.1142,1.50,1.34
2015.08.05 09:00:50.537,2.11376,2.1142,1.00,1.34
2015.08.05 09:00:50.841,2.11385,2.11416,1.00,1.34
2015.08.05 09:00:51.155,2.11388,2.11416,1.00,1.00
2015.08.05 09:00:51.358,2.11388,2.1142,1.00,1.00
2015.08.05 09:00:51.662,2.11388,2.11417,1.00,1.00
2015.08.05 09:00:52.016,2.11388,2.1142,1.00,1.00
2015.08.05 09:00:53.020,2.11388,2.11417,1.00,1.00
2015.08.05 09:00:53.306,2.11402,2.11438,1.00,1.84
2015.08.05 09:00:53.357,2.11402,2.11434,1.00,1.84
2015.08.05 09:00:53.611,2.11398,2.11431,1.00,1.34
2015.08.05 09:00:53.974,2.11396,2.1143,1.00,1.34
2015.08.05 09:00:54.833,2.11398,2.11431,1.00,1.84
2015.08.05 09:00:55.282,2.11401,2.11429,1.00,1.34
2015.08.05 09:00:57.143,2.114,2.11431,1.00,1.34
2015.08.05 09:00:59.905,2.11397,2.11429,1.00,1.34
2015.08.05 09:01:00.603,2.11397,2.11428,1.00,1.00
2015.08.05 09:01:01.210,2.11397,2.11429,1.00,1.09
2015.08.05 09:01:01.311,2.11401,2.11429,1.00,1.09
2015.08.05 09:01:01.665,2.11403,2.11428,1.00,1.00
2015.08.05 09:01:01.828,2.11403,2.11433,1.00,1.00
2015.08.05 09:01:01.879,2.11409,2.11433,1.00,1.00
2015.08.05 09:01:01.981,2.11409,2.11437,1.00,1.00
2015.08.05 09:01:02.082,2.11409,2.11439,1.00,1.00
2015.08.05 09:01:02.776,2.11409,2.11439,1.00,1.34
2015.08.05 09:01:02.878,2.11407,2.11439,1.00,1.34
2015.08.05 09:01:03.037,2.11403,2.11434,1.00,1.34
2015.08.05 09:01:03.491,2.11401,2.11431,1.00,1.00
2015.08.05 09:01:03.643,2.11401,2.11428,1.00,1.00
2015.08.05 09:01:04.100,2.11401,2.11426,1.00,1.00
2015.08.05 09:01:04.333,2.11397,2.11426,1.00,1.00
2015.08.05 09:01:04.384,2.11401,2.11426,1.00,1.00
2015.08.05 09:01:04.788,2.11397,2.11426,1.00,1.00
2015.08.05 09:01:04.940,2.11402,2.11425,1.00,1.00
2015.08.05 09:01:05.264,2.11396,2.11422,1.00,1.00
2015.08.05 09:01:05.366,2.11392,2.11422,1.00,1.00
2015.08.05 09:01:05.589,2.11397,2.11422,1.00,1.00
2015.08.05 09:01:05.892,2.11392,2.11426,1.00,1.00
2015.08.05 09:01:06.541,2.11392,2.11426,1.00,1.34
2015.08.05 09:01:06.592,2.11388,2.11426,1.00,1.34
2015.08.05 09:01:06.694,2.11388,2.1142,1.00,1.00
2015.08.05 09:01:06.745,2.11385,2.11424,1.00,1.34
2015.08.05 09:01:07.261,2.11384,2.11424,1.00,1.84
2015.08.05 09:01:07.918,2.11385,2.11424,1.00,1.34
2015.08.05 09:01:08.019,2.11385,2.11421,1.00,1.00
2015.08.05 09:01:08.322,2.11377,2.11409,1.00,1.09
2015.08.05 09:01:08.647,2.11373,2.11406,1.00,1.00
2015.08.05 09:01:08.698,2.11379,2.11401,1.00,1.00
2015.08.05 09:01:08.800,2.11375,2.11401,1.00,1.00
2015.08.05 09:01:09.004,2.11375,2.11405,1.00,1.00
2015.08.05 09:01:09.156,2.11378,2.11405,1.00,1.00
2015.08.05 09:01:09.358,2.11376,2.11405,1.00,1.00
2015.08.05 09:01:09.584,2.11379,2.11405,1.00,1.00
2015.08.05 09:01:09.818,2.11375,2.11405,1.00,1.00
2015.08.05 09:01:10.171,2.11375,2.11401,1.00,1.00
2015.08.05 09:01:10.222,2.11371,2.11398,1.00,1.00
2015.08.05 09:01:10.273,2.11363,2.11391,1.00,1.00
2015.08.05 09:01:10.577,2.11361,2.1139,1.00,1.00
2015.08.05 09:01:10.762,2.11362,2.11393,1.00,1.00
2015.08.05 09:01:10.813,2.11362,2.11393,1.00,1.34
2015.08.05 09:01:11.976,2.11361,2.11384,1.00,1.00
2015.08.05 09:01:12.279,2.11356,2.11384,1.00,1.00
2015.08.05 09:01:12.936,2.11361,2.11384,1.00,1.00
2015.08.05 09:01:13.037,2.11356,2.11384,1.00,1.00
2015.08.05 09:01:13.260,2.11356,2.11382,1.50,1.00
2015.08.05 09:01:13.311,2.11358,2.1139,1.00,1.00
2015.08.05 09:01:13.413,2.11366,2.1139,1.00,1.00
2015.08.05 09:01:13.464,2.11366,2.11403,1.00,1.00
2015.08.05 09:01:13.566,2.11366,2.114,1.00,1.00
2015.08.05 09:01:13.869,2.1137,2.11396,1.00,1.00
2015.08.05 09:01:14.277,2.11369,2.11406,1.00,1.00
2015.08.05 09:01:14.781,2.11368,2.11406,1.00,1.00
2015.08.05 09:01:14.832,2.11372,2.11406,1.50,1.00
2015.08.05 09:01:15.136,2.11374,2.11406,1.00,1.00
2015.08.05 09:01:15.187,2.11374,2.11412,1.00,1.00
2015.08.05 09:01:15.392,2.11379,2.11413,1.00,1.00
2015.08.05 09:01:15.696,2.11381,2.11413,1.00,1.00
2015.08.05 09:01:16.136,2.11376,2.11413,1.00,1.00
2015.08.05 09:01:16.238,2.11379,2.11413,1.00,1.00
2015.08.05 09:01:16.765,2.11378,2.11413,1.00,1.00
2015.08.05 09:01:17.119,2.1138,2.11413,1.00,1.00
2015.08.05 09:01:17.440,2.11377,2.11413,1.00,1.00
2015.08.05 09:01:17.947,2.11376,2.11412,1.00,1.00
2015.08.05 09:01:18.048,2.1137,2.11409,1.00,1.00
2015.08.05 09:01:18.099,2.1137,2.11405,1.00,1.00
2015.08.05 09:01:18.150,2.11366,2.11405,1.50,1.50
2015.08.05 09:01:18.311,2.11366,2.11399,1.50,1.00
2015.08.05 09:01:18.362,2.11365,2.11402,1.00,1.00
2015.08.05 09:01:18.465,2.11362,2.114,1.00,1.00
2015.08.05 09:01:18.515,2.11362,2.11395,1.00,1.00
2015.08.05 09:01:18.667,2.11353,2.11387,1.00,1.00
2015.08.05 09:01:18.718,2.11352,2.11383,1.00,1.00
2015.08.05 09:01:18.870,2.11347,2.11387,1.00,1.00
2015.08.05 09:01:18.972,2.11347,2.11382,1.00,1.00
2015.08.05 09:01:19.022,2.11339,2.11381,1.37,1.00
2015.08.05 09:01:19.124,2.11339,2.11381,1.00,1.00
2015.08.05 09:01:19.240,2.11339,2.11381,1.00,1.67
2015.08.05 09:01:19.449,2.11334,2.11374,1.00,1.50
2015.08.05 09:01:19.550,2.11331,2.11371,1.00,1.00
2015.08.05 09:01:19.853,2.11331,2.11366,1.00,1.00
2015.08.05 09:01:20.219,2.11331,2.11364,1.00,1.00
2015.08.05 09:01:20.528,2.11331,2.11361,1.00,1.50
2015.08.05 09:01:20.630,2.11322,2.11353,1.00,1.00
2015.08.05 09:01:21.230,2.11327,2.11352,1.00,1.00
2015.08.05 09:01:21.862,2.11331,2.11352,1.00,1.00
2015.08.05 09:01:22.064,2.11326,2.11351,1.00,1.00
2015.08.05 09:01:22.586,2.11326,2.11351,1.00,1.50
2015.08.05 09:01:22.637,2.11309,2.1135,1.37,1.00
2015.08.05 09:01:22.740,2.11309,2.11338,1.00,1.00
2015.08.05 09:01:22.790,2.11301,2.11338,1.00,1.00
2015.08.05 09:01:22.942,2.11301,2.11333,1.00,1.00
2015.08.05 09:01:23.144,2.11301,2.11336,1.00,1.00
2015.08.05 09:01:23.296,2.11306,2.11336,1.00,2.25
2015.08.05 09:01:23.480,2.11311,2.11342,1.00,1.00
2015.08.05 09:01:23.531,2.11311,2.11347,1.00,1.00
2015.08.05 09:01:23.633,2.11321,2.11344,1.00,1.34
2015.08.05 09:01:23.936,2.11327,2.1134,1.00,1.00
2015.08.05 09:01:23.987,2.11327,2.11351,1.00,1.00
2015.08.05 09:01:24.089,2.11316,2.11349,1.00,1.00
2015.08.05 09:01:24.394,2.11322,2.11351,1.00,1.00
2015.08.05 09:01:24.899,2.11322,2.11352,1.00,1.00
2015.08.05 09:01:25.151,2.11322,2.11354,1.00,1.00
2015.08.05 09:01:25.363,2.11322,2.11351,1.00,1.00
2015.08.05 09:01:25.796,2.11316,2.11351,1.00,1.00
2015.08.05 09:01:26.028,2.11322,2.11351,1.00,1.00
2015.08.05 09:01:26.567,2.11322,2.11352,1.00,1.00
2015.08.05 09:01:27.233,2.11322,2.11351,1.00,1.00
2015.08.05 09:01:27.385,2.11322,2.11354,1.00,1.00
2015.08.05 09:01:27.615,2.11322,2.11357,1.00,1.00
2015.08.05 09:01:27.820,2.11336,2.11357,1.00,1.50
2015.08.05 09:01:28.425,2.11336,2.11359,1.00,1.00
2015.08.05 09:01:28.577,2.11332,2.1136,1.00,1.50
2015.08.05 09:01:28.794,2.11332,2.11354,1.00,1.00
2015.08.05 09:01:29.869,2.11332,2.11349,1.00,1.00
2015.08.05 09:01:29.920,2.11316,2.11348,1.00,1.00
2015.08.05 09:01:31.526,2.11316,2.11348,1.50,1.34
2015.08.05 09:01:31.830,2.11326,2.11341,1.00,1.00
2015.08.05 09:01:32.082,2.11322,2.11348,1.00,1.00
2015.08.05 09:01:32.846,2.11321,2.11348,1.00,1.00
2015.08.05 09:01:34.173,2.11321,2.1135,1.00,1.00
2015.08.05 09:01:34.528,2.11321,2.11354,1.00,1.00
2015.08.05 09:01:34.976,2.11321,2.11356,1.87,1.00
2015.08.05 09:01:35.281,2.11342,2.11361,1.00,1.00
2015.08.05 09:01:35.383,2.11336,2.11361,1.00,1.00
2015.08.05 09:01:36.939,2.11336,2.1136,1.00,1.00
2015.08.05 09:01:37.242,2.11336,2.11358,1.00,1.00
2015.08.05 09:01:38.116,2.11332,2.11358,1.00,1.00
2015.08.05 09:01:38.642,2.11332,2.11359,1.00,1.00
2015.08.05 09:01:38.927,2.1133,2.11355,1.00,1.00
2015.08.05 09:01:39.547,2.11331,2.11353,1.00,1.00
2015.08.05 09:01:40.244,2.1133,2.11353,1.00,1.00
2015.08.05 09:01:40.755,2.11331,2.11353,1.00,1.00
2015.08.05 09:01:41.260,2.1133,2.11353,1.00,1.00
2015.08.05 09:01:41.549,2.1133,2.11355,1.00,1.00
2015.08.05 09:01:42.007,2.11332,2.11358,1.00,1.00
2015.08.05 09:01:42.058,2.11335,2.11358,1.00,1.00
2015.08.05 09:01:42.109,2.11338,2.11368,1.00,1.00
2015.08.05 09:01:42.626,2.11337,2.1137,1.00,1.00
2015.08.05 09:01:43.181,2.11337,2.11367,1.00,1.00
2015.08.05 09:01:43.307,2.11337,2.1137,1.00,1.00
2015.08.05 09:01:43.359,2.1134,2.11371,1.00,1.00
2015.08.05 09:01:43.688,2.11346,2.11375,1.00,1.50
2015.08.05 09:01:43.991,2.11352,2.11375,1.00,1.00
2015.08.05 09:01:44.041,2.11347,2.11375,1.00,1.84
2015.08.05 09:01:44.092,2.11347,2.11368,1.00,1.00
2015.08.05 09:01:44.422,2.11352,2.11373,1.00,1.50
2015.08.05 09:01:45.577,2.11351,2.11371,1.00,1.00
2015.08.05 09:01:45.880,2.11351,2.11367,1.00,1.00
2015.08.05 09:01:46.133,2.11347,2.11367,1.00,1.00
2015.08.05 09:01:46.337,2.11335,2.11367,1.50,1.00
2015.08.05 09:01:47.213,2.11345,2.11375,1.00,1.00
2015.08.05 09:01:47.517,2.1134,2.1137,1.00,1.50
2015.08.05 09:01:47.834,2.1134,2.11367,1.00,1.00
2015.08.05 09:01:47.907,2.1134,2.1137,1.00,1.50
2015.08.05 09:01:48.467,2.1134,2.11369,1.00,1.00
2015.08.05 09:01:48.719,2.1134,2.11366,1.00,1.00
2015.08.05 09:01:48.926,2.1134,2.11368,1.00,1.00
2015.08.05 09:01:49.419,2.11336,2.11367,1.00,1.00
2015.08.05 09:01:53.482,2.11337,2.1137,1.00,1.50
2015.08.05 09:01:53.532,2.11344,2.11374,1.00,1.00
2015.08.05 09:01:53.838,2.11352,2.11374,1.00,1.00
2015.08.05 09:01:54.142,2.11352,2.11367,1.00,1.00
2015.08.05 09:01:54.194,2.11342,2.11367,1.00,1.00
2015.08.05 09:01:54.954,2.1134,2.1137,1.00,1.00
2015.08.05 09:01:57.184,2.1134,2.11369,1.00,1.00
2015.08.05 09:01:57.730,2.1134,2.1137,1.00,1.00
2015.08.05 09:01:58.275,2.1134,2.11369,1.00,1.00
2015.08.05 09:01:59.936,2.1134,2.1137,1.00,1.00
2015.08.05 09:02:00.485,2.1134,2.11371,1.00,1.00
2015.08.05 09:02:00.759,2.1134,2.11373,1.00,1.00
2015.08.05 09:02:00.809,2.11344,2.11373,1.00,1.00
2015.08.05 09:02:01.125,2.11357,2.11383,1.00,1.00
2015.08.05 09:02:01.176,2.11357,2.11387,1.50,1.00
2015.08.05 09:02:01.327,2.11357,2.11383,1.00,1.00
2015.08.05 09:02:01.839,2.11356,2.11383,1.00,1.00
2015.08.05 09:02:01.941,2.11356,2.11385,1.00,1.00
2015.08.05 09:02:02.552,2.11357,2.11385,1.00,1.00
2015.08.05 09:02:02.653,2.11358,2.11389,1.00,1.00
2015.08.05 09:02:03.310,2.11361,2.11389,1.00,1.00
2015.08.05 09:02:03.411,2.11358,2.11389,1.00,1.00
2015.08.05 09:02:04.970,2.11364,2.11394,1.00,1.00
2015.08.05 09:02:05.122,2.11368,2.11405,1.00,1.50
2015.08.05 09:02:05.224,2.11367,2.11407,1.50,1.00
2015.08.05 09:02:05.276,2.11374,2.11407,1.00,1.00
2015.08.05 09:02:05.638,2.11384,2.11406,1.00,1.00
2015.08.05 09:02:05.689,2.11375,2.11406,1.00,1.00
2015.08.05 09:02:08.123,2.11387,2.11406,1.00,1.00
2015.08.05 09:02:08.325,2.11381,2.11402,1.00,1.00
2015.08.05 09:02:08.376,2.11387,2.11402,1.00,1.00
2015.08.05 09:02:08.679,2.11381,2.11402,1.00,1.00
2015.08.05 09:02:08.781,2.11386,2.11402,1.00,1.00
2015.08.05 09:02:08.887,2.11381,2.11402,1.00,1.00
2015.08.05 09:02:09.122,2.11376,2.11402,1.00,1.00
2015.08.05 09:02:09.805,2.11382,2.11402,1.00,1.00
2015.08.05 09:02:09.856,2.11382,2.11405,1.00,1.00
2015.08.05 09:02:10.370,2.11381,2.11405,1.00,1.00
2015.08.05 09:02:10.874,2.11377,2.11405,1.00,1.00
2015.08.05 09:02:11.347,2.11377,2.11402,1.00,1.00
2015.08.05 09:02:12.097,2.11376,2.11402,1.00,1.00
2015.08.05 09:02:12.774,2.11382,2.11402,1.00,1.00
2015.08.05 09:02:13.078,2.11387,2.11402,1.00,1.00
2015.08.05 09:02:13.649,2.11381,2.11402,1.00,1.00
2015.08.05 09:02:13.851,2.11369,2.11402,1.00,1.00
2015.08.05 09:02:13.902,2.11369,2.11397,1.00,1.00
2015.08.05 09:02:13.953,2.11365,2.11397,1.00,1.00
2015.08.05 09:02:14.004,2.11361,2.11392,1.50,1.00
2015.08.05 09:02:14.306,2.11367,2.11397,1.50,1.50
2015.08.05 09:02:14.424,2.11369,2.11401,1.00,1.00
2015.08.05 09:02:14.577,2.11366,2.11399,1.09,1.00
2015.08.05 09:02:14.628,2.11377,2.11399,1.00,1.00
2015.08.05 09:02:14.729,2.11377,2.11403,1.00,1.00
2015.08.05 09:02:14.831,2.1137,2.11403,1.00,1.50
2015.08.05 09:02:14.882,2.11366,2.11398,1.00,1.00
2015.08.05 09:02:15.185,2.1137,2.11398,1.00,1.00
2015.08.05 09:02:15.236,2.11362,2.11393,1.50,1.00
2015.08.05 09:02:15.388,2.11357,2.11383,1.00,1.00
2015.08.05 09:02:15.540,2.11358,2.11389,1.00,1.00
2015.08.05 09:02:15.591,2.11358,2.11386,1.00,1.00
2015.08.05 09:02:15.894,2.11357,2.11384,1.00,1.50
2015.08.05 09:02:15.945,2.11352,2.11384,1.00,1.00
2015.08.05 09:02:16.047,2.11349,2.1138,1.00,1.00
2015.08.05 09:02:17.593,2.11361,2.11383,1.00,1.00
2015.08.05 09:02:18.123,2.11361,2.11384,1.00,1.00
2015.08.05 09:02:18.174,2.11356,2.11384,1.00,1.00
2015.08.05 09:02:18.578,2.11356,2.11377,1.00,1.00
2015.08.05 09:02:19.148,2.11357,2.11377,1.00,1.00
2015.08.05 09:02:20.105,2.11361,2.11377,1.00,1.00
2015.08.05 09:02:21.029,2.11356,2.11377,1.00,1.00
2015.08.05 09:02:21.144,2.11346,2.11377,1.00,1.00
2015.08.05 09:02:22.496,2.11347,2.11377,1.00,1.00
2015.08.05 09:02:22.547,2.11358,2.11381,1.00,1.00
2015.08.05 09:02:22.598,2.1136,2.11384,1.00,1.50
2015.08.05 09:02:25.219,2.11358,2.11382,1.00,1.00
2015.08.05 09:02:26.127,2.11355,2.11379,1.00,1.00
2015.08.05 09:02:26.430,2.11353,2.11376,1.00,1.00
2015.08.05 09:02:27.549,2.11348,2.11371,1.00,1.00
2015.08.05 09:02:27.854,2.11352,2.11376,1.00,1.00
2015.08.05 09:02:27.905,2.11359,2.11383,1.00,1.00
2015.08.05 09:02:28.208,2.11362,2.11386,1.00,1.00
2015.08.05 09:02:28.553,2.11359,2.11383,1.00,1.00
2015.08.05 09:02:29.796,2.11362,2.11386,1.00,1.00
2015.08.05 09:02:31.173,2.11357,2.11382,1.00,1.00
2015.08.05 09:02:31.224,2.11355,2.11378,1.00,1.00
2015.08.05 09:02:31.588,2.11353,2.11375,1.00,1.00
2015.08.05 09:02:38.087,2.11358,2.11382,1.00,1.00
2015.08.05 09:02:38.138,2.11365,2.11387,1.00,1.00
2015.08.05 09:02:39.225,2.11366,2.1139,1.00,1.00
2015.08.05 09:02:39.929,2.11362,2.11384,1.00,1.00
2015.08.05 09:02:44.610,2.11359,2.11382,1.00,1.00
2015.08.05 09:02:45.452,2.11362,2.11387,1.00,1.00
2015.08.05 09:02:46.070,2.11361,2.11383,1.00,1.00
2015.08.05 09:02:46.575,2.1136,2.11384,1.00,1.00
2015.08.05 09:02:47.060,2.11363,2.11386,1.00,1.00
2015.08.05 09:02:47.401,2.11361,2.11384,1.00,1.00
2015.08.05 09:02:48.069,2.11362,2.11384,1.00,1.00
2015.08.05 09:02:48.120,2.11365,2.11389,1.00,1.00
2015.08.05 09:02:48.222,2.11362,2.11384,1.00,1.00
2015.08.05 09:02:49.379,2.11363,2.11388,1.00,1.00
2015.08.05 09:02:50.657,2.11368,2.1139,1.00,1.00
2015.08.05 09:02:50.983,2.11385,2.11408,1.00,1.00
2015.08.05 09:02:51.085,2.11389,2.11412,1.00,1.00
2015.08.05 09:02:51.338,2.11385,2.11425,1.00,2.17
2015.08.05 09:02:51.439,2.11396,2.11419,1.00,1.00
2015.08.05 09:02:51.742,2.11391,2.11414,1.00,1.00
2015.08.05 09:02:52.243,2.11395,2.11417,1.00,1.00
2015.08.05 09:02:53.023,2.11387,2.11419,1.50,1.00
2015.08.05 09:02:54.785,2.11389,2.11419,1.00,1.00
2015.08.05 09:02:55.236,2.11387,2.11419,1.00,1.00
2015.08.05 09:03:01.724,2.11388,2.11419,1.00,1.00
2015.08.05 09:03:02.239,2.11392,2.11419,1.00,1.00
2015.08.05 09:03:02.442,2.11398,2.11429,1.00,1.00
2015.08.05 09:03:02.493,2.11406,2.11439,1.00,1.00
2015.08.05 09:03:02.544,2.11405,2.11435,1.50,1.00
2015.08.05 09:03:02.803,2.11405,2.11437,1.50,1.00
2015.08.05 09:03:03.069,2.11409,2.11437,1.00,1.00
2015.08.05 09:03:03.827,2.1141,2.11437,1.00,1.00
2015.08.05 09:03:04.041,2.11405,2.11434,1.00,1.00
2015.08.05 09:03:04.142,2.11405,2.11428,1.00,1.00
2015.08.05 09:03:04.395,2.11402,2.11433,1.50,1.00
2015.08.05 09:03:05.238,2.11403,2.11433,1.00,1.00
2015.08.05 09:03:05.743,2.11404,2.11433,1.00,1.00
2015.08.05 09:03:05.894,2.11406,2.11433,1.00,1.00
2015.08.05 09:03:06.051,2.11406,2.11436,1.00,1.00
2015.08.05 09:03:06.557,2.11405,2.11436,1.00,1.00
2015.08.05 09:03:07.064,2.11401,2.11428,1.00,1.00
2015.08.05 09:03:07.225,2.11397,2.11428,1.50,1.00
2015.08.05 09:03:12.075,2.11398,2.11428,1.00,1.00
2015.08.05 09:03:14.657,2.11399,2.11431,1.00,1.00
2015.08.05 09:03:14.910,2.11401,2.11431,1.00,1.00
2015.08.05 09:03:15.177,2.11399,2.11431,1.00,1.00
2015.08.05 09:03:15.380,2.11397,2.11427,1.00,1.00
2015.08.05 09:03:17.005,2.11393,2.11425,1.00,1.00
2015.08.05 09:03:17.207,2.11391,2.11422,1.00,1.00
2015.08.05 09:03:18.920,2.11394,2.11424,1.50,1.00
2015.08.05 09:03:19.223,2.11396,2.11424,1.00,1.00
2015.08.05 09:03:19.526,2.11393,2.11424,1.50,1.00
2015.08.05 09:03:19.678,2.1139,2.11421,1.00,1.00
2015.08.05 09:03:33.184,2.11394,2.11427,1.00,1.00
2015.08.05 09:03:35.595,2.11394,2.11426,1.00,1.00
2015.08.05 09:03:36.011,2.11392,2.11423,1.00,1.00
2015.08.05 09:03:36.314,2.11382,2.11413,1.00,1.00
2015.08.05 09:03:36.466,2.11375,2.11408,1.00,1.00
2015.08.05 09:03:36.735,2.11375,2.11402,1.00,1.00
2015.08.05 09:03:36.785,2.11366,2.11398,1.00,1.00
2015.08.05 09:03:37.090,2.1137,2.11402,1.42,1.00
2015.08.05 09:03:37.393,2.11379,2.11406,1.00,1.00
2015.08.05 09:03:37.589,2.11378,2.11409,1.00,1.00
2015.08.05 09:03:37.691,2.11375,2.11405,1.00,1.00
2015.08.05 09:03:37.742,2.11375,2.11407,1.00,1.00
2015.08.05 09:03:37.793,2.11377,2.11407,1.00,1.00
2015.08.05 09:03:37.894,2.11375,2.11407,1.00,1.00
2015.08.05 09:03:37.945,2.11366,2.11396,1.50,1.00
2015.08.05 09:03:38.248,2.11368,2.11396,1.00,1.00
2015.08.05 09:03:38.551,2.11366,2.11394,1.00,1.00
2015.08.05 09:03:38.823,2.11363,2.11394,1.00,1.00
2015.08.05 09:03:39.687,2.11368,2.11398,1.50,1.00
2015.08.05 09:03:39.840,2.11375,2.11406,1.00,1.00
2015.08.05 09:03:39.891,2.1138,2.1141,1.00,1.50
2015.08.05 09:03:40.194,2.11384,2.11412,1.00,1.00
2015.08.05 09:03:40.347,2.11384,2.11416,1.50,1.00
2015.08.05 09:03:40.660,2.11388,2.11416,1.00,1.00
2015.08.05 09:03:40.812,2.11386,2.11416,1.00,1.00
2015.08.05 09:03:40.965,2.11387,2.11418,1.00,1.00
2015.08.05 09:03:42.635,2.11388,2.11418,1.00,1.00
2015.08.05 09:03:45.172,2.11387,2.11418,1.00,1.00
2015.08.05 09:03:45.935,2.11389,2.11418,1.00,1.00
2015.08.05 09:03:46.484,2.11387,2.11418,1.00,1.00
2015.08.05 09:03:49.358,2.11393,2.11415,1.00,1.00
2015.08.05 09:04:11.786,2.11389,2.11412,1.00,1.00
2015.08.05 09:04:14.211,2.11394,2.11419,1.00,1.00
2015.08.05 09:04:16.629,2.11396,2.11421,1.00,1.00
2015.08.05 09:04:16.990,2.11395,2.11418,1.50,1.00
2015.08.05 09:04:17.092,2.11396,2.11421,1.00,1.00
2015.08.05 09:04:17.193,2.11395,2.11418,1.50,1.00
2015.08.05 09:04:17.648,2.11392,2.11415,1.50,1.00
2015.08.05 09:04:17.971,2.11404,2.11427,1.00,1.00
2015.08.05 09:04:18.375,2.11409,2.11432,1.00,1.00
2015.08.05 09:04:18.795,2.11411,2.11436,1.00,1.00
2015.08.05 09:04:19.607,2.11416,2.11439,1.50,1.00
2015.08.05 09:04:19.659,2.11419,2.11444,1.00,1.00
2015.08.05 09:04:19.812,2.11424,2.11449,1.00,1.00
2015.08.05 09:04:20.125,2.11421,2.11442,1.00,1.00
2015.08.05 09:04:20.479,2.11419,2.11442,1.50,1.00
2015.08.05 09:04:20.985,2.1142,2.11442,1.00,1.00
2015.08.05 09:04:21.242,2.11418,2.1144,1.00,1.00
2015.08.05 09:04:21.764,2.11417,2.1144,1.00,1.00
2015.08.05 09:04:22.655,2.11415,2.11447,1.00,1.00
2015.08.05 09:04:25.144,2.11416,2.11447,1.00,1.00
2015.08.05 09:04:25.245,2.11419,2.11447,1.00,1.00
2015.08.05 09:04:25.548,2.11416,2.11447,1.00,1.00
2015.08.05 09:04:26.439,2.11414,2.11447,1.50,1.00
2015.08.05 09:04:26.895,2.11412,2.11442,1.00,1.00
2015.08.05 09:04:27.294,2.11414,2.11442,1.00,1.00
2015.08.05 09:04:27.597,2.11416,2.11442,1.00,1.00
2015.08.05 09:04:27.987,2.11417,2.11449,1.50,1.00
2015.08.05 09:04:28.701,2.11412,2.11443,1.50,1.00
2015.08.05 09:04:29.004,2.11408,2.11438,1.50,1.00
2015.08.05 09:04:29.357,2.11408,2.11436,1.00,1.00
2015.08.05 09:04:29.458,2.11408,2.11439,1.00,1.00
2015.08.05 09:04:29.956,2.11407,2.11437,1.00,1.00
2015.08.05 09:04:30.261,2.11408,2.11431,1.00,1.00
2015.08.05 09:04:30.564,2.11412,2.11435,1.00,1.00
2015.08.05 09:04:32.599,2.11414,2.11435,1.00,1.00
2015.08.05 09:04:33.375,2.11414,2.11439,1.50,1.00
2015.08.05 09:04:33.476,2.11418,2.11441,1.00,1.00
2015.08.05 09:04:34.525,2.1142,2.11444,1.00,1.00
2015.08.05 09:04:37.352,2.11418,2.1144,1.00,1.00
2015.08.05 09:04:37.454,2.11416,2.1144,1.00,2.25
2015.08.05 09:04:37.555,2.11407,2.1143,1.00,1.00
2015.08.05 09:04:37.758,2.11398,2.11422,1.50,1.00
2015.08.05 09:04:38.110,2.11401,2.11423,1.00,1.00
2015.08.05 09:04:38.161,2.11397,2.11422,1.00,1.00
2015.08.05 09:04:42.684,2.114,2.11423,1.00,1.00
2015.08.05 09:04:42.785,2.11405,2.11429,1.00,1.00
2015.08.05 09:04:43.196,2.11407,2.11431,1.00,1.00
2015.08.05 09:04:43.501,2.11401,2.11424,1.00,1.00
2015.08.05 09:04:43.805,2.11405,2.11428,1.00,1.00
2015.08.05 09:04:45.136,2.11403,2.11426,1.00,1.00
2015.08.05 09:04:50.905,2.11399,2.11422,1.00,1.00
2015.08.05 09:04:51.360,2.11395,2.1142,1.00,1.00
2015.08.05 09:04:54.482,2.11401,2.11425,1.00,1.00
2015.08.05 09:04:54.785,2.11399,2.11421,1.00,1.00
2015.08.05 09:04:54.836,2.11396,2.11421,1.00,1.00
2015.08.05 09:04:55.587,2.11398,2.11421,1.00,1.00
2015.08.05 09:04:57.323,2.11396,2.11421,1.00,1.00
2015.08.05 09:04:59.076,2.114,2.11423,1.00,1.50
2015.08.05 09:04:59.227,2.11396,2.11421,1.00,1.00
2015.08.05 09:04:59.584,2.11394,2.11418,1.00,1.00
2015.08.05 09:05:00.190,2.11397,2.1142,1.00,1.00
2015.08.05 09:05:00.392,2.11394,2.11418,1.00,1.00
2015.08.05 09:05:00.493,2.11396,2.11421,1.00,1.00
2015.08.05 09:05:02.609,2.114,2.11422,1.00,1.00
2015.08.05 09:05:02.987,2.11403,2.11426,1.00,1.00
2015.08.05 09:05:03.038,2.11405,2.1143,1.00,1.50
2015.08.05 09:05:03.531,2.11402,2.11425,1.00,1.00
2015.08.05 09:05:04.411,2.11408,2.11432,1.00,1.00
2015.08.05 09:05:04.462,2.11411,2.11436,1.00,1.00
2015.08.05 09:05:04.969,2.11407,2.11429,1.00,1.00
2015.08.05 09:05:05.272,2.11403,2.11424,1.00,1.00
2015.08.05 09:05:05.596,2.11402,2.11421,1.00,1.00
2015.08.05 09:05:05.647,2.11394,2.11417,1.00,1.00
2015.08.05 09:05:06.160,2.11397,2.1142,1.00,1.00
2015.08.05 09:05:06.499,2.11413,2.11435,1.00,1.00
2015.08.05 09:05:06.600,2.11411,2.11434,1.00,1.00
2015.08.05 09:05:06.903,2.11417,2.1144,1.00,1.00
2015.08.05 09:05:10.744,2.11414,2.11436,1.00,1.00
2015.08.05 09:05:12.176,2.11411,2.11434,1.00,1.00
2015.08.05 09:05:15.310,2.11418,2.1144,1.00,1.00
2015.08.05 09:05:15.865,2.11415,2.11438,1.00,1.00
2015.08.05 09:05:15.966,2.11421,2.11443,1.00,1.00
2015.08.05 09:05:16.674,2.11423,2.11448,1.00,1.00
2015.08.05 09:05:18.889,2.11423,2.11447,1.00,1.00
2015.08.05 09:05:19.490,2.11423,2.11446,1.00,1.00
2015.08.05 09:05:19.591,2.11423,2.11444,1.00,1.00
2015.08.05 09:05:20.097,2.11423,2.11446,1.00,1.50
2015.08.05 09:05:20.609,2.11425,2.11449,1.00,1.00
2015.08.05 09:05:21.132,2.11426,2.11448,1.00,1.00
2015.08.05 09:05:22.106,2.11423,2.11445,1.00,1.00
2015.08.05 09:05:22.516,2.11418,2.11442,1.00,1.00
2015.08.05 09:05:22.819,2.11413,2.11438,1.00,1.00
2015.08.05 09:05:23.470,2.11417,2.1144,1.00,1.00
2015.08.05 09:05:23.845,2.11417,2.11442,1.00,1.00
2015.08.05 09:05:24.149,2.11415,2.11438,1.00,1.00
2015.08.05 09:05:24.199,2.11418,2.11443,1.00,1.00
2015.08.05 09:05:25.049,2.11415,2.11439,1.00,1.00
2015.08.05 09:05:25.150,2.11412,2.11437,1.00,1.00
2015.08.05 09:05:25.352,2.11411,2.11433,1.00,1.00
2015.08.05 09:05:25.882,2.11412,2.11433,1.00,1.00
2015.08.05 09:05:25.983,2.11416,2.11438,1.00,1.00
2015.08.05 09:05:26.135,2.1142,2.11444,1.00,1.50
2015.08.05 09:05:26.438,2.11416,2.11439,1.00,1.00
2015.08.05 09:05:29.965,2.11419,2.11441,1.00,1.00
2015.08.05 09:05:32.150,2.11415,2.11437,1.00,1.00
2015.08.05 09:05:32.201,2.11417,2.11442,1.00,1.00
2015.08.05 09:05:32.807,2.11422,2.11446,1.00,1.00
2015.08.05 09:05:33.328,2.11423,2.11447,1.00,1.00
2015.08.05 09:05:33.632,2.11427,2.11449,1.00,1.00
2015.08.05 09:05:36.795,2.11432,2.11449,1.00,1.00
2015.08.05 09:05:36.946,2.11433,2.11458,1.00,1.00
2015.08.05 09:05:36.997,2.11447,2.11469,1.00,1.00
2015.08.05 09:05:37.099,2.11436,2.11471,1.00,1.00
2015.08.05 09:05:37.149,2.11449,2.11472,1.00,1.00
2015.08.05 09:05:37.251,2.11445,2.1147,1.00,1.00
2015.08.05 09:05:37.849,2.11449,2.11473,1.00,1.00
2015.08.05 09:05:38.000,2.11443,2.11484,1.00,2.25
2015.08.05 09:05:38.202,2.1146,2.11484,1.00,1.50
2015.08.05 09:05:38.354,2.11457,2.11486,1.00,1.00
2015.08.05 09:05:38.405,2.11457,2.11489,1.00,1.00
2015.08.05 09:05:38.669,2.11464,2.1149,1.00,1.00
2015.08.05 09:05:38.922,2.11457,2.11485,1.00,1.00
2015.08.05 09:05:39.124,2.11457,2.11479,1.00,1.00
2015.08.05 09:05:39.377,2.11448,2.11472,1.00,1.00
2015.08.05 09:05:39.529,2.11442,2.11472,1.00,1.00
2015.08.05 09:05:39.580,2.11442,2.11468,1.00,1.00
2015.08.05 09:05:39.885,2.11444,2.11464,1.00,1.00
2015.08.05 09:05:39.936,2.11441,2.11464,1.00,1.00
2015.08.05 09:05:40.460,2.11437,2.11465,1.00,1.00
2015.08.05 09:05:40.561,2.11436,2.11462,1.50,1.00
2015.08.05 09:05:41.070,2.11436,2.11461,1.00,1.00
2015.08.05 09:05:41.120,2.11436,2.11465,1.00,1.00
2015.08.05 09:05:41.528,2.11439,2.11465,1.00,1.00
2015.08.05 09:05:43.276,2.11441,2.11465,1.00,1.00
2015.08.05 09:05:43.428,2.11439,2.11465,1.00,1.00
2015.08.05 09:05:43.626,2.11439,2.11463,1.00,1.00
2015.08.05 09:05:44.081,2.11439,2.1146,1.00,1.00
2015.08.05 09:05:44.443,2.11439,2.11458,1.00,1.00
2015.08.05 09:05:44.646,2.11439,2.11461,1.00,1.00
2015.08.05 09:05:45.229,2.11435,2.11461,1.00,1.00
2015.08.05 09:05:45.330,2.11432,2.11461,1.00,1.00
2015.08.05 09:05:45.879,2.11432,2.11462,1.00,1.50
2015.08.05 09:05:46.418,2.11433,2.11462,1.00,1.00
2015.08.05 09:05:48.040,2.11433,2.11464,1.00,1.00
2015.08.05 09:05:49.463,2.11433,2.11463,1.00,1.00
2015.08.05 09:05:50.250,2.11436,2.11463,1.00,1.00
2015.08.05 09:05:50.503,2.11437,2.11466,1.00,1.00
2015.08.05 09:05:50.755,2.1144,2.11466,1.00,1.00
2015.08.05 09:05:51.181,2.1144,2.11462,1.00,1.00
2015.08.05 09:05:52.790,2.1144,2.11464,1.00,1.00
2015.08.05 09:05:55.306,2.1144,2.11463,1.00,1.00
2015.08.05 09:05:56.113,2.1144,2.11462,1.00,1.00
2015.08.05 09:05:56.862,2.1144,2.11459,1.00,1.00
2015.08.05 09:05:57.286,2.1144,2.11462,1.00,1.00
2015.08.05 09:05:57.874,2.1144,2.11466,1.00,1.00
2015.08.05 09:05:58.948,2.1144,2.11462,1.00,1.00
2015.08.05 09:05:59.252,2.1144,2.1146,1.00,1.00
2015.08.05 09:05:59.785,2.1144,2.11461,1.00,1.00
2015.08.05 09:06:00.023,2.1144,2.11464,1.00,1.00
2015.08.05 09:06:00.528,2.1144,2.11463,1.00,1.00
2015.08.05 09:06:01.700,2.1144,2.11461,1.00,1.00
2015.08.05 09:06:01.802,2.1144,2.11466,1.00,1.00
2015.08.05 09:06:02.155,2.1144,2.11464,1.00,1.00
2015.08.05 09:06:02.733,2.1144,2.11463,1.00,1.00
2015.08.05 09:06:03.237,2.1144,2.11462,1.00,1.00
2015.08.05 09:06:04.992,2.11456,2.11465,1.00,1.00
2015.08.05 09:06:05.093,2.11456,2.11464,1.00,1.00
2015.08.05 09:06:05.532,2.11456,2.11465,1.00,1.00
2015.08.05 09:06:06.046,2.11456,2.11465,1.00,1.00
2015.08.05 09:06:06.601,2.11457,2.11465,1.00,1.00
2015.08.05 09:06:06.963,2.11456,2.11469,1.00,1.00
2015.08.05 09:06:07.065,2.11456,2.11471,1.00,1.00
2015.08.05 09:06:07.525,2.11457,2.11473,1.00,1.00
2015.08.05 09:06:07.626,2.11466,2.11477,1.00,1.00
2015.08.05 09:06:07.728,2.11466,2.11479,1.00,1.00
2015.08.05 09:06:10.141,2.11467,2.11479,1.00,1.00
2015.08.05 09:06:10.258,2.11462,2.11479,1.00,1.00
2015.08.05 09:06:11.555,2.11449,2.11479,1.00,1.50
2015.08.05 09:06:11.607,2.11446,2.11462,1.00,1.00
2015.08.05 09:06:12.134,2.11447,2.11462,1.00,1.00
2015.08.05 09:06:12.438,2.11452,2.11462,1.00,1.00
2015.08.05 09:06:12.489,2.11452,2.11465,1.00,1.00
2015.08.05 09:06:13.102,2.11451,2.11465,1.00,1.00
2015.08.05 09:06:13.259,2.11451,2.11463,1.00,1.00
2015.08.05 09:06:13.310,2.11446,2.11463,1.00,1.00
2015.08.05 09:06:13.361,2.11446,2.11461,1.00,1.00
2015.08.05 09:06:13.462,2.11442,2.11466,1.00,1.00
2015.08.05 09:06:13.563,2.11446,2.11466,1.00,1.00
2015.08.05 09:06:13.900,2.11451,2.11472,1.00,1.00
2015.08.05 09:06:14.103,2.11451,2.11474,1.00,1.00
2015.08.05 09:06:14.607,2.11452,2.11474,1.00,1.00
2015.08.05 09:06:15.114,2.11451,2.11474,1.50,1.00
2015.08.05 09:06:15.468,2.11452,2.11476,1.50,1.00
2015.08.05 09:06:15.661,2.11456,2.11476,1.00,1.00
2015.08.05 09:06:16.207,2.11456,2.11478,1.00,1.00
2015.08.05 09:06:16.561,2.11456,2.1148,1.50,1.00
2015.08.05 09:06:17.135,2.11456,2.11479,1.50,1.00
2015.08.05 09:06:17.186,2.11456,2.11481,1.00,1.00
2015.08.05 09:06:17.656,2.11455,2.11479,1.50,1.00
2015.08.05 09:06:17.959,2.11455,2.11476,1.00,1.00
2015.08.05 09:06:18.061,2.11451,2.11476,1.00,1.00
2015.08.05 09:06:18.112,2.11451,2.11474,1.00,1.00
2015.08.05 09:06:18.622,2.11451,2.11481,1.00,1.50
2015.08.05 09:06:18.673,2.11454,2.11481,1.00,1.00
2015.08.05 09:06:18.977,2.11456,2.11479,1.00,1.00
2015.08.05 09:06:19.028,2.11453,2.11479,1.00,1.00
2015.08.05 09:06:19.181,2.11453,2.11476,1.00,1.00
2015.08.05 09:06:19.511,2.11447,2.11476,1.00,1.00
2015.08.05 09:06:19.562,2.11449,2.11476,1.00,1.00
2015.08.05 09:06:19.714,2.11446,2.11476,1.00,1.00
2015.08.05 09:06:19.764,2.11446,2.11469,1.00,1.00
2015.08.05 09:06:19.866,2.11442,2.11467,1.00,1.00
2015.08.05 09:06:19.967,2.11442,2.1147,1.00,1.00
2015.08.05 09:06:20.068,2.11446,2.1147,1.00,1.00
2015.08.05 09:06:20.509,2.11454,2.11474,1.00,1.00
2015.08.05 09:06:20.611,2.11451,2.11475,1.00,1.50
2015.08.05 09:06:20.713,2.11455,2.11477,1.00,1.00
2015.08.05 09:06:21.017,2.11447,2.1147,1.00,1.00
2015.08.05 09:06:21.811,2.11449,2.11474,1.00,1.50
2015.08.05 09:06:22.063,2.11449,2.1147,1.00,1.00
2015.08.05 09:06:22.265,2.11446,2.11468,1.00,1.00
2015.08.05 09:06:22.316,2.11442,2.11465,1.00,1.00
2015.08.05 09:06:22.367,2.11435,2.11458,1.00,1.00
2015.08.05 09:06:22.518,2.11443,2.11467,1.00,1.00
2015.08.05 09:06:22.569,2.11448,2.1147,1.00,1.00
2015.08.05 09:06:22.877,2.11452,2.11471,1.00,1.00
2015.08.05 09:06:22.928,2.11452,2.11474,1.00,1.00
2015.08.05 09:06:23.232,2.11448,2.11471,1.00,1.00
2015.08.05 09:06:24.062,2.11435,2.11456,1.50,1.00
2015.08.05 09:06:24.113,2.11429,2.11454,1.50,1.00
2015.08.05 09:06:24.215,2.1144,2.11453,1.00,1.00
2015.08.05 09:06:24.266,2.11426,2.11451,1.00,1.00
2015.08.05 09:06:24.367,2.11426,2.11448,1.00,1.00
2015.08.05 09:06:24.469,2.11408,2.11442,1.87,1.00
2015.08.05 09:06:24.570,2.11402,2.11443,1.00,1.00
2015.08.05 09:06:24.671,2.11398,2.1143,1.50,1.00
2015.08.05 09:06:24.722,2.11395,2.1143,1.00,1.00
2015.08.05 09:06:24.924,2.11393,2.11427,1.00,1.00
2015.08.05 09:06:25.184,2.11386,2.11426,2.25,1.00
2015.08.05 09:06:25.237,2.11385,2.11415,1.84,1.00
2015.08.05 09:06:25.338,2.11382,2.11415,1.00,1.00
2015.08.05 09:06:25.439,2.11379,2.11414,1.50,1.00
2015.08.05 09:06:25.541,2.11375,2.11414,1.00,1.00
2015.08.05 09:06:26.063,2.11374,2.11413,1.09,1.00
2015.08.05 09:06:26.113,2.11383,2.11413,1.00,1.00
2015.08.05 09:06:26.632,2.11383,2.11412,1.00,1.00
2015.08.05 09:06:27.114,2.11383,2.11409,1.00,1.00
2015.08.05 09:06:27.417,2.11383,2.11405,1.00,1.00
2015.08.05 09:06:27.935,2.11383,2.11404,1.00,1.00
2015.08.05 09:06:27.985,2.11379,2.11403,1.00,1.00
2015.08.05 09:06:28.087,2.11371,2.11387,1.00,1.00
2015.08.05 09:06:28.137,2.11364,2.11387,1.00,1.00
2015.08.05 09:06:28.188,2.11364,2.11383,1.00,1.00
2015.08.05 09:06:28.491,2.11366,2.11384,1.00,1.00
2015.08.05 09:06:28.542,2.11366,2.11386,1.00,1.00
2015.08.05 09:06:28.702,2.11365,2.11382,1.00,1.00
2015.08.05 09:06:29.072,2.11365,2.11385,1.00,1.00
2015.08.05 09:06:29.545,2.11365,2.11388,1.00,1.00
2015.08.05 09:06:29.747,2.11365,2.1139,1.00,1.00
2015.08.05 09:06:30.092,2.11365,2.11392,1.00,1.00
2015.08.05 09:06:30.496,2.11365,2.1139,1.00,1.00
2015.08.05 09:06:30.952,2.11362,2.11386,1.00,1.00
2015.08.05 09:06:31.404,2.1136,2.11388,1.00,1.00
2015.08.05 09:06:31.941,2.1136,2.11387,1.00,1.00
2015.08.05 09:06:32.833,2.1136,2.11389,1.00,1.00
2015.08.05 09:06:32.934,2.1136,2.11385,1.00,1.00
2015.08.05 09:06:33.573,2.1136,2.11384,1.00,1.00
2015.08.05 09:06:33.903,2.1136,2.11381,1.00,1.00
2015.08.05 09:06:33.954,2.11358,2.11381,1.00,1.00
2015.08.05 09:06:34.005,2.11355,2.11381,1.00,1.00
2015.08.05 09:06:34.055,2.11351,2.11377,1.50,1.00
2015.08.05 09:06:34.359,2.11346,2.11374,1.00,1.00
2015.08.05 09:06:34.460,2.11346,2.11376,1.00,1.00
2015.08.05 09:06:34.612,2.1135,2.11376,1.00,1.00
2015.08.05 09:06:35.773,2.1135,2.11373,1.00,1.00
2015.08.05 09:06:36.147,2.1135,2.11376,1.00,1.00
2015.08.05 09:06:38.452,2.1135,2.11375,1.00,1.00
2015.08.05 09:06:42.262,2.1135,2.11376,1.00,1.00
2015.08.05 09:06:43.142,2.1135,2.11377,1.00,1.00
2015.08.05 09:06:43.490,2.1135,2.11379,1.00,1.00
2015.08.05 09:06:44.012,2.11351,2.11378,1.00,1.00
2015.08.05 09:06:44.477,2.11342,2.11368,1.00,1.00
2015.08.05 09:06:44.579,2.11342,2.11371,1.00,1.00
2015.08.05 09:06:45.229,2.11347,2.11371,1.00,1.00
2015.08.05 09:06:45.280,2.11347,2.11374,1.00,1.00
2015.08.05 09:06:45.420,2.11351,2.11374,1.00,1.00
2015.08.05 09:06:45.572,2.11351,2.11377,1.00,1.00
2015.08.05 09:06:45.976,2.11348,2.11377,1.00,1.00
2015.08.05 09:06:46.479,2.11348,2.11379,1.09,1.00
2015.08.05 09:06:46.530,2.11356,2.11379,1.00,1.00
2015.08.05 09:06:46.580,2.11356,2.11382,1.00,1.00
2015.08.05 09:06:46.783,2.11356,2.1138,1.00,1.00
2015.08.05 09:06:47.137,2.11356,2.11377,1.00,1.00
2015.08.05 09:06:47.188,2.11352,2.11377,1.00,1.00
2015.08.05 09:06:47.239,2.1135,2.11377,1.00,1.00
2015.08.05 09:06:47.747,2.1135,2.11376,1.00,1.00
2015.08.05 09:06:47.899,2.1135,2.11373,1.00,1.00
2015.08.05 09:06:47.950,2.11346,2.11373,1.00,1.00
2015.08.05 09:06:48.001,2.11343,2.11365,1.00,1.00
2015.08.05 09:06:48.051,2.1134,2.11365,1.00,1.00
2015.08.05 09:06:48.102,2.1134,2.11363,1.00,1.00
2015.08.05 09:06:48.495,2.11339,2.11355,1.00,1.00
2015.08.05 09:06:49.113,2.11339,2.11356,1.00,1.00
2015.08.05 09:06:49.655,2.11339,2.11357,1.00,1.00
2015.08.05 09:06:49.864,2.11339,2.11359,1.00,1.00
2015.08.05 09:06:49.965,2.11339,2.11362,1.00,1.00
2015.08.05 09:06:50.338,2.11336,2.11363,1.00,1.00
2015.08.05 09:06:50.519,2.1134,2.11361,1.00,1.00
2015.08.05 09:06:50.671,2.1134,2.11364,1.00,1.00
2015.08.05 09:06:51.326,2.1134,2.11369,1.00,1.00
2015.08.05 09:06:51.550,2.11344,2.11369,1.00,1.00
2015.08.05 09:06:52.067,2.11344,2.11372,1.00,1.00
2015.08.05 09:06:52.118,2.11351,2.11372,1.00,1.00
2015.08.05 09:06:52.220,2.11349,2.11372,1.00,1.00
2015.08.05 09:06:52.473,2.11355,2.11372,1.00,1.00
2015.08.05 09:06:52.524,2.1135,2.11372,1.00,1.00
2015.08.05 09:06:52.678,2.1135,2.11379,1.00,1.00
2015.08.05 09:06:52.729,2.1135,2.11376,1.00,1.00
2015.08.05 09:06:52.881,2.11349,2.11382,1.50,1.50
2015.08.05 09:06:52.932,2.11349,2.1138,1.00,1.00
2015.08.05 09:06:53.235,2.11349,2.11378,1.00,1.00
2015.08.05 09:06:53.539,2.11353,2.1138,1.00,1.00
2015.08.05 09:06:53.640,2.11349,2.11378,1.00,1.00
2015.08.05 09:06:53.750,2.11349,2.11381,1.00,1.00
2015.08.05 09:06:57.750,2.11353,2.11381,1.00,1.00
2015.08.05 09:06:59.118,2.11353,2.11379,1.00,1.00
2015.08.05 09:06:59.220,2.11353,2.11383,1.00,1.50
2015.08.05 09:06:59.684,2.11353,2.11376,1.00,1.00
2015.08.05 09:06:59.881,2.11344,2.11375,1.00,1.00
2015.08.05 09:06:59.932,2.11342,2.11372,1.00,1.00
2015.08.05 09:07:00.253,2.11344,2.11371,1.00,1.00
2015.08.05 09:07:00.759,2.11344,2.1137,1.00,1.00
2015.08.05 09:07:01.622,2.11344,2.11372,1.00,1.00
2015.08.05 09:07:01.964,2.11344,2.11374,1.00,1.00
2015.08.05 09:07:02.065,2.11344,2.11371,1.00,1.00
2015.08.05 09:07:02.218,2.11344,2.11374,1.00,1.00
2015.08.05 09:07:02.731,2.11344,2.11373,1.00,1.00
2015.08.05 09:07:02.883,2.11344,2.11371,1.00,1.00
2015.08.05 09:07:05.823,2.11344,2.11374,1.00,1.00
2015.08.05 09:07:05.924,2.11344,2.11371,1.00,1.00
2015.08.05 09:07:06.243,2.11338,2.1136,1.00,1.00
2015.08.05 09:07:06.750,2.11338,2.11361,1.00,1.00
2015.08.05 09:07:07.310,2.11338,2.11362,1.00,1.00
2015.08.05 09:07:07.466,2.11338,2.11364,1.00,1.00
2015.08.05 09:07:07.782,2.11338,2.11366,1.00,1.00
2015.08.05 09:07:08.294,2.11338,2.11365,1.00,1.00
2015.08.05 09:07:08.806,2.11338,2.11364,1.00,1.00
2015.08.05 09:07:09.344,2.11338,2.11363,1.00,1.00
2015.08.05 09:07:10.092,2.11338,2.11364,1.00,1.00
2015.08.05 09:07:10.548,2.11338,2.11361,1.00,1.00
2015.08.05 09:07:11.142,2.11338,2.1136,1.00,1.00
2015.08.05 09:07:11.554,2.11338,2.11358,1.00,1.00
2015.08.05 09:07:11.655,2.11333,2.11357,1.00,1.00
2015.08.05 09:07:11.808,2.11337,2.11357,1.00,1.00
2015.08.05 09:07:11.859,2.11337,2.11362,1.00,1.00
2015.08.05 09:07:11.910,2.1134,2.11362,1.00,1.00
2015.08.05 09:07:11.961,2.11334,2.11362,1.00,1.00
2015.08.05 09:07:12.013,2.11334,2.11359,1.00,1.00
2015.08.05 09:07:12.114,2.11339,2.11365,1.00,1.00
2015.08.05 09:07:12.313,2.11349,2.11366,1.00,1.00
2015.08.05 09:07:12.364,2.11345,2.11372,1.00,1.00
2015.08.05 09:07:12.516,2.11345,2.11375,1.00,1.00
2015.08.05 09:07:12.668,2.11346,2.11377,1.00,1.00
2015.08.05 09:07:12.718,2.11356,2.11377,1.00,1.00
2015.08.05 09:07:12.769,2.11353,2.11379,1.00,1.00
2015.08.05 09:07:12.871,2.11353,2.11381,1.00,1.00
2015.08.05 09:07:12.972,2.11356,2.11381,1.00,1.00
2015.08.05 09:07:13.276,2.1136,2.11385,1.00,1.00
2015.08.05 09:07:13.327,2.1136,2.11387,1.00,1.00
2015.08.05 09:07:13.571,2.11365,2.11386,1.00,1.00
2015.08.05 09:07:13.976,2.11361,2.11383,1.00,1.00
2015.08.05 09:07:14.078,2.11361,2.11389,1.00,1.00
2015.08.05 09:07:14.129,2.11364,2.11389,1.37,1.00
2015.08.05 09:07:14.180,2.11368,2.11396,1.00,1.00
2015.08.05 09:07:14.230,2.1137,2.11396,1.00,1.00
2015.08.05 09:07:14.378,2.1137,2.11403,1.50,1.00
2015.08.05 09:07:14.429,2.11374,2.11406,1.50,1.00
2015.08.05 09:07:14.734,2.11387,2.11414,1.00,1.00
2015.08.05 09:07:14.785,2.11381,2.11414,1.00,1.00
2015.08.05 09:07:14.836,2.11388,2.11417,1.00,1.00
2015.08.05 09:07:14.938,2.11387,2.11424,1.00,1.00
2015.08.05 09:07:15.140,2.11389,2.11422,1.00,1.00
2015.08.05 09:07:15.475,2.11394,2.11417,1.00,1.00
2015.08.05 09:07:15.526,2.11394,2.11421,1.00,1.00
2015.08.05 09:07:15.627,2.11394,2.11418,1.00,1.00
2015.08.05 09:07:15.930,2.11394,2.11412,1.00,1.00
2015.08.05 09:07:16.499,2.11387,2.11412,1.00,1.00
2015.08.05 09:07:16.600,2.11386,2.11406,1.00,1.00
2015.08.05 09:07:17.017,2.11389,2.11405,1.00,1.00
2015.08.05 09:07:17.068,2.11379,2.11404,1.00,1.00
2015.08.05 09:07:17.119,2.11376,2.11404,1.00,1.00
2015.08.05 09:07:17.170,2.11382,2.11399,1.00,1.00
2015.08.05 09:07:17.221,2.11376,2.11399,1.00,1.00
2015.08.05 09:07:17.392,2.11376,2.11395,1.00,1.00
2015.08.05 09:07:17.544,2.11373,2.11393,1.00,1.00
2015.08.05 09:07:18.048,2.11373,2.11392,1.00,1.00
2015.08.05 09:07:18.150,2.11373,2.11388,1.00,1.00
2015.08.05 09:07:18.200,2.1137,2.11388,1.00,1.00
2015.08.05 09:07:18.592,2.1137,2.1139,1.00,1.00
2015.08.05 09:07:18.895,2.1137,2.11393,1.00,1.00
2015.08.05 09:07:19.349,2.1137,2.114,1.00,1.50
2015.08.05 09:07:19.399,2.11373,2.11402,1.00,1.00
2015.08.05 09:07:19.739,2.11375,2.114,1.00,1.00
2015.08.05 09:07:20.144,2.11375,2.11396,1.00,1.00
2015.08.05 09:07:20.245,2.11375,2.11399,1.00,1.00
2015.08.05 09:07:20.562,2.11375,2.11396,1.00,1.00
2015.08.05 09:07:20.967,2.11372,2.11395,1.00,1.00
2015.08.05 09:07:21.018,2.11372,2.11392,1.00,1.00
2015.08.05 09:07:21.443,2.11372,2.11395,1.00,1.00
2015.08.05 09:07:21.957,2.11372,2.11394,1.00,1.00
2015.08.05 09:07:22.008,2.11372,2.11396,1.00,1.00
2015.08.05 09:07:22.109,2.11372,2.11402,1.00,1.00
2015.08.05 09:07:22.311,2.11372,2.114,1.00,1.00
2015.08.05 09:07:22.463,2.11372,2.11402,1.00,1.00
2015.08.05 09:07:23.094,2.11375,2.11402,1.00,1.00
2015.08.05 09:07:23.543,2.11375,2.11401,1.34,1.00
2015.08.05 09:07:23.755,2.11398,2.11421,1.00,2.25
2015.08.05 09:07:23.856,2.11387,2.11421,1.00,1.00
2015.08.05 09:07:23.957,2.11399,2.11421,1.00,1.00
2015.08.05 09:07:24.109,2.11392,2.11421,1.00,1.00
2015.08.05 09:07:24.210,2.11388,2.11418,1.00,1.00
2015.08.05 09:07:24.261,2.11384,2.11417,1.00,1.00
2015.08.05 09:07:24.312,2.11384,2.11414,1.00,1.00
2015.08.05 09:07:24.731,2.11389,2.11417,1.00,1.00
2015.08.05 09:07:25.258,2.11389,2.11416,1.00,1.00
2015.08.05 09:07:25.743,2.11389,2.11418,1.00,1.00
2015.08.05 09:07:26.078,2.11389,2.11415,1.00,1.00
2015.08.05 09:07:26.230,2.1138,2.1141,1.00,1.50
2015.08.05 09:07:26.281,2.1138,2.11407,1.00,1.00
2015.08.05 09:07:26.585,2.11375,2.11407,1.00,1.50
2015.08.05 09:07:26.636,2.11375,2.11401,1.00,1.00
2015.08.05 09:07:26.687,2.11373,2.11401,1.00,1.00
2015.08.05 09:07:26.839,2.11373,2.11397,1.00,1.00
2015.08.05 09:07:27.188,2.11373,2.11399,1.00,1.00
2015.08.05 09:07:27.592,2.11373,2.11397,1.00,1.00
2015.08.05 09:07:28.140,2.11373,2.11396,1.00,1.00
2015.08.05 09:07:28.672,2.11373,2.11395,1.00,1.00
2015.08.05 09:07:29.342,2.11373,2.11396,1.00,1.00
2015.08.05 09:07:31.212,2.11373,2.11395,1.00,1.00
2015.08.05 09:07:31.547,2.11373,2.11397,1.00,1.00
2015.08.05 09:07:32.113,2.11373,2.11396,1.00,1.00
2015.08.05 09:07:32.450,2.11371,2.11396,1.00,1.00
2015.08.05 09:07:32.957,2.11371,2.11395,1.00,1.00
2015.08.05 09:07:33.887,2.11371,2.11394,1.00,1.00
2015.08.05 09:07:33.988,2.11373,2.11394,1.00,1.00
2015.08.05 09:07:34.090,2.11373,2.114,1.00,1.00
2015.08.05 09:07:34.192,2.11373,2.11402,1.00,1.00
2015.08.05 09:07:34.631,2.11392,2.11404,1.00,1.00
2015.08.05 09:07:34.682,2.11381,2.11408,1.00,1.00
2015.08.05 09:07:34.783,2.11385,2.11416,1.00,1.00
2015.08.05 09:07:34.889,2.11385,2.11418,1.00,2.25
2015.08.05 09:07:34.940,2.11396,2.11418,1.00,1.50
2015.08.05 09:07:34.991,2.11389,2.11419,1.00,1.50
2015.08.05 09:07:36.113,2.11388,2.11419,1.00,1.50
2015.08.05 09:07:36.268,2.11391,2.11419,1.00,1.00
2015.08.05 09:07:36.622,2.11388,2.11419,1.00,1.50
2015.08.05 09:07:36.824,2.1139,2.11419,1.00,1.00
2015.08.05 09:07:36.976,2.11388,2.11419,1.00,1.50
2015.08.05 09:07:37.250,2.1139,2.11419,1.00,1.00
2015.08.05 09:07:37.592,2.1139,2.11422,1.00,1.00
2015.08.05 09:07:38.031,2.1139,2.1142,1.00,1.00
2015.08.05 09:07:38.728,2.1139,2.11421,1.00,1.00
2015.08.05 09:07:39.328,2.1139,2.11422,1.00,1.00
2015.08.05 09:07:39.833,2.1139,2.11421,1.00,1.00
2015.08.05 09:07:42.468,2.1139,2.11422,1.50,1.00
2015.08.05 09:07:42.789,2.11395,2.11422,1.00,1.00
2015.08.05 09:07:43.359,2.11395,2.11425,1.00,1.50
2015.08.05 09:07:43.893,2.11395,2.1142,1.00,1.00
2015.08.05 09:07:45.735,2.11395,2.11419,1.00,1.00
2015.08.05 09:07:50.275,2.11395,2.11418,1.00,1.00
2015.08.05 09:07:51.672,2.11395,2.11421,1.00,1.00
2015.08.05 09:07:55.455,2.11395,2.11418,1.00,1.00
2015.08.05 09:07:55.872,2.11395,2.11416,1.00,1.00
2015.08.05 09:07:55.974,2.11395,2.11418,1.00,1.00
2015.08.05 09:07:56.226,2.11395,2.1142,1.00,1.00
2015.08.05 09:07:56.760,2.11395,2.11419,1.00,1.00
2015.08.05 09:07:57.416,2.11395,2.11422,1.00,1.00
2015.08.05 09:07:58.162,2.11395,2.11419,1.00,1.00
2015.08.05 09:07:58.519,2.11395,2.11417,1.00,1.00
2015.08.05 09:08:00.841,2.11392,2.11415,1.00,1.00
2015.08.05 09:08:00.953,2.11392,2.11411,1.00,1.00
2015.08.05 09:08:01.004,2.11383,2.11411,1.00,1.00
2015.08.05 09:08:01.106,2.11387,2.11411,1.00,1.00
2015.08.05 09:08:01.409,2.11382,2.11402,1.00,1.00
2015.08.05 09:08:01.933,2.11382,2.1141,1.00,1.00
2015.08.05 09:08:02.034,2.11382,2.11408,1.00,1.00
2015.08.05 09:08:02.338,2.11384,2.11406,1.00,1.00
2015.08.05 09:08:02.490,2.11384,2.11409,1.00,1.00
2015.08.05 09:08:02.692,2.11384,2.11411,1.00,1.00
2015.08.05 09:08:02.793,2.11398,2.11417,1.00,1.00
2015.08.05 09:08:02.844,2.11392,2.11417,1.00,1.50
2015.08.05 09:08:02.990,2.11393,2.11415,1.00,1.00
2015.08.05 09:08:03.295,2.114,2.11418,1.00,1.00
2015.08.05 09:08:03.446,2.114,2.11421,1.00,1.00
2015.08.05 09:08:03.598,2.114,2.11423,1.00,1.50
2015.08.05 09:08:04.053,2.11402,2.11424,1.00,1.00
2015.08.05 09:08:05.678,2.11402,2.11427,1.00,1.50
2015.08.05 09:08:06.122,2.11402,2.11425,1.00,1.00
2015.08.05 09:08:07.843,2.11402,2.11424,1.00,1.00
2015.08.05 09:08:08.321,2.11412,2.11424,1.00,1.00
2015.08.05 09:08:08.626,2.11419,2.11439,1.00,1.50
2015.08.05 09:08:08.676,2.11427,2.11439,1.00,1.00
2015.08.05 09:08:08.727,2.11423,2.11444,1.00,1.50
2015.08.05 09:08:09.132,2.11418,2.11443,1.00,1.00
2015.08.05 09:08:09.647,2.11418,2.11441,1.00,1.00
2015.08.05 09:08:09.749,2.11418,2.11444,1.00,1.00
2015.08.05 09:08:10.089,2.11418,2.11447,1.00,1.50
2015.08.05 09:08:10.811,2.11418,2.11444,1.00,1.00
2015.08.05 09:08:11.053,2.11413,2.11441,1.00,1.00
2015.08.05 09:08:11.105,2.11409,2.11441,1.00,1.00
2015.08.05 09:08:11.156,2.11407,2.11433,1.00,1.50
2015.08.05 09:08:11.207,2.11397,2.1143,1.00,1.00
2015.08.05 09:08:11.410,2.11397,2.11422,1.00,1.00
2015.08.05 09:08:12.462,2.11397,2.11419,1.00,1.00
2015.08.05 09:08:12.765,2.11396,2.11415,1.00,1.00
2015.08.05 09:08:12.817,2.11393,2.11415,1.00,1.00
2015.08.05 09:08:12.968,2.11396,2.11415,1.00,1.00
2015.08.05 09:08:13.488,2.11396,2.11412,1.00,1.00
2015.08.05 09:08:13.824,2.11396,2.1141,1.00,1.00
2015.08.05 09:08:13.875,2.11393,2.1141,1.00,1.00
2015.08.05 09:08:13.926,2.11393,2.11406,1.00,1.00
2015.08.05 09:08:14.027,2.1139,2.11406,1.00,1.00
2015.08.05 09:08:14.129,2.1139,2.11404,1.00,1.00
2015.08.05 09:08:14.260,2.11385,2.11404,1.00,1.00
2015.08.05 09:08:14.563,2.11385,2.114,1.00,1.00
2015.08.05 09:08:14.614,2.11382,2.114,1.00,1.00
2015.08.05 09:08:15.129,2.11382,2.11399,1.00,1.00
2015.08.05 09:08:15.437,2.11382,2.11402,1.00,1.00
2015.08.05 09:08:15.690,2.11382,2.11404,1.00,1.00
2015.08.05 09:08:15.892,2.11382,2.11407,1.00,1.50
2015.08.05 09:08:16.254,2.11386,2.11407,1.00,1.00
2015.08.05 09:08:16.778,2.11386,2.11406,1.00,1.00
2015.08.05 09:08:18.300,2.11386,2.11409,1.00,1.50
2015.08.05 09:08:20.399,2.11386,2.11408,1.00,1.00
2015.08.05 09:08:21.275,2.11386,2.11406,1.00,1.00
2015.08.05 09:08:22.255,2.11386,2.11404,1.00,1.00
2015.08.05 09:08:22.761,2.11386,2.11403,1.00,1.00
2015.08.05 09:08:24.364,2.11386,2.11404,1.00,1.00
2015.08.05 09:08:25.102,2.11383,2.11404,1.00,1.00
2015.08.05 09:08:25.220,2.11383,2.11402,1.00,1.00
2015.08.05 09:08:25.473,2.11383,2.11404,1.00,1.00
2015.08.05 09:08:25.574,2.11383,2.11407,1.00,1.00
2015.08.05 09:08:25.625,2.1139,2.11407,1.00,1.00
2015.08.05 09:08:25.676,2.11387,2.11409,1.00,1.00
2015.08.05 09:08:25.777,2.1139,2.11412,1.00,1.00
2015.08.05 09:08:26.787,2.11384,2.11408,1.00,1.00
2015.08.05 09:08:26.889,2.11381,2.11398,1.00,1.00
2015.08.05 09:08:26.940,2.11377,2.11398,1.00,1.00
2015.08.05 09:08:26.991,2.11368,2.11392,1.00,1.00
2015.08.05 09:08:27.251,2.11367,2.11386,1.00,1.00
2015.08.05 09:08:27.301,2.11363,2.11385,1.00,1.00
2015.08.05 09:08:27.707,2.11367,2.11389,1.00,1.00
2015.08.05 09:08:28.211,2.11367,2.11388,1.00,1.00
2015.08.05 09:08:28.548,2.11367,2.11386,1.00,1.00
2015.08.05 09:08:30.284,2.11367,2.11385,1.00,1.34
2015.08.05 09:08:30.486,2.11359,2.11377,1.00,1.00
2015.08.05 09:08:30.587,2.11353,2.11377,1.00,1.00
2015.08.05 09:08:30.638,2.11353,2.11382,1.00,1.00
2015.08.05 09:08:30.992,2.11353,2.11384,1.00,1.00
2015.08.05 09:08:31.178,2.11355,2.11385,1.00,1.00
2015.08.05 09:08:34.571,2.11355,2.11386,1.00,1.00
2015.08.05 09:08:35.130,2.11355,2.11385,1.00,1.00
2015.08.05 09:08:37.659,2.11351,2.11378,1.00,1.00
2015.08.05 09:08:37.710,2.11347,2.11378,1.00,1.50
2015.08.05 09:08:37.812,2.11344,2.11376,1.00,1.00
2015.08.05 09:08:37.863,2.11348,2.11377,1.00,1.00
2015.08.05 09:08:37.914,2.11339,2.1137,1.00,1.00
2015.08.05 09:08:38.438,2.11345,2.11375,1.00,1.00
2015.08.05 09:08:38.691,2.11347,2.11378,1.00,1.00
2015.08.05 09:08:38.994,2.1135,2.11378,1.00,1.00
2015.08.05 09:08:39.196,2.1135,2.11381,1.00,1.00
2015.08.05 09:08:39.878,2.1135,2.11383,1.00,1.50
2015.08.05 09:08:39.979,2.1135,2.11381,1.00,1.00
2015.08.05 09:08:40.181,2.1135,2.11383,1.00,1.50
2015.08.05 09:08:40.435,2.11354,2.11385,1.00,1.50
2015.08.05 09:08:40.587,2.11357,2.11389,1.00,1.00
2015.08.05 09:08:40.638,2.11357,2.11386,1.00,1.00
2015.08.05 09:08:40.992,2.11357,2.1139,1.00,1.00
2015.08.05 09:08:41.534,2.11357,2.11389,1.50,1.00
2015.08.05 09:08:41.857,2.11357,2.11384,1.00,1.00
2015.08.05 09:08:42.398,2.11357,2.11385,1.00,1.00
2015.08.05 09:08:42.701,2.11361,2.11387,1.00,1.00
2015.08.05 09:08:43.208,2.11361,2.11386,1.00,1.00
2015.08.05 09:08:44.074,2.11361,2.11388,1.00,1.00
2015.08.05 09:08:44.281,2.11361,2.1139,1.00,1.00
2015.08.05 09:08:44.382,2.11361,2.11392,1.00,1.00
2015.08.05 09:08:44.484,2.11361,2.11387,1.00,1.00
2015.08.05 09:08:44.636,2.11358,2.11387,1.00,1.50
2015.08.05 09:08:44.687,2.11354,2.11386,1.00,1.00
2015.08.05 09:08:44.738,2.11354,2.11378,1.00,1.00
2015.08.05 09:08:44.788,2.11351,2.11378,1.00,1.00
2015.08.05 09:08:44.839,2.11351,2.11374,1.00,1.00
2015.08.05 09:08:45.142,2.11347,2.11367,1.00,1.00
2015.08.05 09:08:46.021,2.11347,2.1137,1.00,1.00
2015.08.05 09:08:46.530,2.11347,2.11369,1.00,1.00
2015.08.05 09:08:46.682,2.11347,2.11377,1.00,1.00
2015.08.05 09:08:47.202,2.11347,2.11378,1.00,1.00
2015.08.05 09:08:47.765,2.11345,2.11374,1.00,1.50
2015.08.05 09:08:48.068,2.11345,2.11371,1.00,1.00
2015.08.05 09:08:48.457,2.11345,2.11373,1.00,1.00
2015.08.05 09:08:50.214,2.11345,2.11372,1.00,1.00
2015.08.05 09:08:50.747,2.11345,2.11371,1.00,1.00
2015.08.05 09:08:52.321,2.11345,2.11374,1.00,2.25
2015.08.05 09:08:53.625,2.11345,2.11373,1.00,1.00
2015.08.05 09:08:54.200,2.11345,2.11374,1.00,2.25
2015.08.05 09:08:54.402,2.11345,2.11372,1.00,1.00
2015.08.05 09:08:54.752,2.11345,2.11366,1.00,1.00
2015.08.05 09:08:54.955,2.11345,2.11369,1.00,1.00
2015.08.05 09:08:55.067,2.11345,2.11371,1.00,1.00
2015.08.05 09:08:55.118,2.11341,2.11371,1.00,1.00
2015.08.05 09:08:55.169,2.11341,2.11374,1.00,1.00
2015.08.05 09:08:55.444,2.11345,2.11375,1.00,1.00
2015.08.05 09:08:55.748,2.11353,2.11377,1.00,1.00
2015.08.05 09:08:56.000,2.11345,2.11377,1.00,1.00
2015.08.05 09:08:56.592,2.11345,2.11378,1.00,1.50
2015.08.05 09:08:56.694,2.11357,2.11381,1.00,1.00
2015.08.05 09:08:56.745,2.11357,2.11383,1.00,1.00
2015.08.05 09:08:56.846,2.11353,2.11383,1.00,1.00
2015.08.05 09:08:56.947,2.11347,2.11378,1.00,1.00
2015.08.05 09:08:57.250,2.11347,2.11374,1.00,1.00
2015.08.05 09:08:57.698,2.11343,2.11371,1.00,1.00
2015.08.05 09:08:57.749,2.11338,2.11369,1.00,1.00
2015.08.05 09:08:58.002,2.11341,2.1137,1.00,1.00
2015.08.05 09:08:58.552,2.11341,2.11369,1.00,1.00
2015.08.05 09:08:59.079,2.11341,2.1137,1.00,1.00
2015.08.05 09:08:59.231,2.11341,2.11372,1.00,1.00
2015.08.05 09:09:00.147,2.11341,2.1137,1.00,1.00
2015.08.05 09:09:00.553,2.11341,2.11372,1.00,1.50
2015.08.05 09:09:00.906,2.11341,2.1137,1.00,1.00
2015.08.05 09:09:01.108,2.11341,2.11372,1.00,1.50
2015.08.05 09:09:01.582,2.11341,2.11369,1.00,1.00
2015.08.05 09:09:01.684,2.11341,2.11372,1.00,1.00
2015.08.05 09:09:02.038,2.11347,2.11371,1.00,1.00
2015.08.05 09:09:02.191,2.11352,2.11382,1.00,1.00
2015.08.05 09:09:02.869,2.11352,2.1138,1.00,1.00
2015.08.05 09:09:04.325,2.11348,2.11378,1.00,1.00
2015.08.05 09:09:05.279,2.11348,2.11379,1.00,1.00
2015.08.05 09:09:05.431,2.11345,2.11377,1.00,1.00
2015.08.05 09:09:08.925,2.11345,2.11376,1.00,1.00
2015.08.05 09:09:09.141,2.11345,2.11374,1.00,1.00
2015.08.05 09:09:09.565,2.11345,2.11376,1.00,1.00
2015.08.05 09:09:10.359,2.11345,2.11374,1.00,1.00
2015.08.05 09:09:12.555,2.11346,2.11377,1.00,1.00
2015.08.05 09:09:12.656,2.11351,2.11384,1.00,1.50
2015.08.05 09:09:12.808,2.11353,2.11384,1.00,1.00
2015.08.05 09:09:13.112,2.11371,2.11393,1.00,1.50
2015.08.05 09:09:13.213,2.11373,2.11396,1.00,1.50
2015.08.05 09:09:13.264,2.11365,2.11388,1.00,1.00
2015.08.05 09:09:13.365,2.11374,2.11398,1.00,1.00
2015.08.05 09:09:13.517,2.11369,2.11394,1.00,1.00
2015.08.05 09:09:14.511,2.11369,2.11392,1.00,1.00
2015.08.05 09:09:15.106,2.11369,2.11394,1.00,1.00
2015.08.05 09:09:15.365,2.11376,2.11396,1.00,1.00
2015.08.05 09:09:15.871,2.11376,2.11399,1.00,1.50
2015.08.05 09:09:16.073,2.11373,2.11395,1.00,1.00
2015.08.05 09:09:16.391,2.11383,2.11405,1.00,1.00
2015.08.05 09:09:16.493,2.11383,2.11413,1.00,1.00
2015.08.05 09:09:16.645,2.11383,2.11415,1.00,1.00
2015.08.05 09:09:17.163,2.11383,2.11416,1.00,1.00
2015.08.05 09:09:17.674,2.11383,2.11415,1.00,1.00
2015.08.05 09:09:17.725,2.11383,2.11413,1.00,1.00
2015.08.05 09:09:17.927,2.11383,2.11416,1.00,1.50
2015.08.05 09:09:18.408,2.11383,2.11413,1.00,1.00
2015.08.05 09:09:18.812,2.11383,2.11416,1.00,1.00
2015.08.05 09:09:23.633,2.11388,2.11419,1.00,1.00
2015.08.05 09:09:29.739,2.11383,2.11413,1.00,1.00
2015.08.05 09:09:30.447,2.11392,2.11417,1.00,1.00
2015.08.05 09:09:30.498,2.11386,2.11417,1.00,1.00
2015.08.05 09:09:30.642,2.11386,2.11419,1.00,1.50
2015.08.05 09:09:33.032,2.1139,2.1142,1.00,1.00
2015.08.05 09:09:34.315,2.1139,2.11419,1.00,1.00
2015.08.05 09:09:35.305,2.1139,2.11417,1.00,1.00
2015.08.05 09:09:36.311,2.1139,2.11416,1.00,1.00
2015.08.05 09:09:36.856,2.1139,2.11415,1.00,1.00
2015.08.05 09:09:37.160,2.1139,2.11413,1.00,1.00
2015.08.05 09:09:37.312,2.1139,2.11418,1.00,1.00
2015.08.05 09:09:37.413,2.1139,2.1142,1.00,1.50
2015.08.05 09:09:38.271,2.11392,2.11423,1.00,1.00
2015.08.05 09:09:41.604,2.11392,2.11422,1.00,1.00
2015.08.05 09:09:41.706,2.11392,2.11419,1.00,1.00
2015.08.05 09:09:42.128,2.11392,2.11421,1.00,1.00
2015.08.05 09:09:42.280,2.11392,2.11423,1.00,1.00
2015.08.05 09:09:42.929,2.11392,2.11415,1.00,1.00
2015.08.05 09:09:43.182,2.11387,2.11414,1.00,1.00
2015.08.05 09:09:43.486,2.11384,2.11413,1.00,1.00
2015.08.05 09:09:43.738,2.11387,2.11413,1.00,1.00
2015.08.05 09:09:44.010,2.11387,2.11416,1.00,1.00
2015.08.05 09:09:44.534,2.11392,2.11421,1.00,1.00
2015.08.05 09:09:44.845,2.11392,2.11419,1.00,1.00
2015.08.05 09:09:45.103,2.11385,2.11416,1.00,1.00
2015.08.05 09:09:47.244,2.11391,2.11415,1.00,1.00
2015.08.05 09:09:51.608,2.11396,2.11419,1.00,1.00
2015.08.05 09:09:51.710,2.11399,2.11424,1.00,1.00
2015.08.05 09:09:56.447,2.11409,2.11432,1.00,1.00
2015.08.05 09:09:59.169,2.11409,2.11431,1.00,1.00
2015.08.05 09:09:59.752,2.11409,2.11433,1.00,1.00
2015.08.05 09:10:00.291,2.11409,2.11434,1.00,1.00
2015.08.05 09:10:00.493,2.11414,2.11444,1.00,1.50
2015.08.05 09:10:00.594,2.1142,2.11444,1.00,1.50
2015.08.05 09:10:00.696,2.11418,2.11444,1.00,1.00
2015.08.05 09:10:00.746,2.11418,2.11442,1.00,1.00
2015.08.05 09:10:01.383,2.11414,2.11442,1.00,1.00
2015.08.05 09:10:03.141,2.11414,2.11443,1.00,1.00
2015.08.05 09:10:03.353,2.1141,2.1144,1.00,1.00
2015.08.05 09:10:11.527,2.11423,2.11448,1.00,1.00
2015.08.05 09:10:11.628,2.11423,2.11452,1.00,1.00
2015.08.05 09:10:11.679,2.11426,2.11452,1.00,1.00
2015.08.05 09:10:11.932,2.11425,2.11455,1.00,1.00
2015.08.05 09:10:18.804,2.11428,2.11458,1.00,1.50
2015.08.05 09:10:19.107,2.11425,2.11455,1.00,1.00
2015.08.05 09:10:19.420,2.11425,2.11453,1.00,1.00
2015.08.05 09:10:19.729,2.11421,2.11448,1.00,1.00
2015.08.05 09:10:20.234,2.11421,2.11447,1.00,1.00
2015.08.05 09:10:21.736,2.11421,2.11448,1.00,1.00
2015.08.05 09:10:22.192,2.11421,2.11446,1.00,1.00
2015.08.05 09:10:22.294,2.11421,2.11448,1.00,1.00
2015.08.05 09:10:22.396,2.11421,2.11453,1.00,1.00
2015.08.05 09:10:24.803,2.11421,2.1145,1.00,1.00
2015.08.05 09:10:31.197,2.11421,2.11449,1.00,1.00
2015.08.05 09:10:31.450,2.11416,2.11445,1.00,1.00
2015.08.05 09:10:31.719,2.11416,2.11443,1.00,1.00
2015.08.05 09:10:32.024,2.11414,2.11443,1.00,1.00
2015.08.05 09:10:32.633,2.11414,2.11442,1.00,1.00
2015.08.05 09:10:33.084,2.11414,2.11438,1.00,1.00
2015.08.05 09:10:33.388,2.11414,2.1144,1.00,1.00
2015.08.05 09:10:33.844,2.11414,2.11444,1.00,1.50
2015.08.05 09:10:34.521,2.11414,2.11441,1.00,1.00
2015.08.05 09:10:35.030,2.11414,2.1144,1.00,1.00
2015.08.05 09:10:36.381,2.11414,2.11441,1.00,1.00
2015.08.05 09:10:40.543,2.11414,2.1144,1.00,1.00
2015.08.05 09:10:41.850,2.11414,2.11437,1.00,1.00
2015.08.05 09:10:42.052,2.11408,2.11437,1.00,1.00
2015.08.05 09:10:42.103,2.11408,2.11431,1.00,1.00
2015.08.05 09:10:42.353,2.11391,2.11428,1.00,1.50
2015.08.05 09:10:42.404,2.11393,2.11416,1.00,1.00
2015.08.05 09:10:42.455,2.11386,2.11419,1.00,1.00
2015.08.05 09:10:42.658,2.11386,2.11414,1.00,1.00
2015.08.05 09:10:42.709,2.11383,2.11414,1.00,1.00
2015.08.05 09:10:42.760,2.11381,2.11412,1.00,1.00
2015.08.05 09:10:44.557,2.11383,2.11414,1.00,1.00
2015.08.05 09:10:45.013,2.11386,2.11418,1.00,1.50
2015.08.05 09:10:45.064,2.11393,2.11421,1.00,1.00
2015.08.05 09:10:45.417,2.11392,2.11425,1.00,1.50
2015.08.05 09:10:45.519,2.11395,2.11425,1.00,1.00
2015.08.05 09:10:45.693,2.11395,2.11427,1.00,1.50
2015.08.05 09:10:46.130,2.11391,2.11424,1.00,1.00
2015.08.05 09:10:57.181,2.11387,2.11419,1.50,1.00
2015.08.05 09:11:00.128,2.11387,2.11417,1.00,1.00
2015.08.05 09:11:00.280,2.11383,2.11415,1.00,1.00
2015.08.05 09:11:00.331,2.11378,2.1141,1.00,1.00
2015.08.05 09:11:00.646,2.11376,2.11407,1.00,1.00
2015.08.05 09:11:00.950,2.1137,2.114,1.00,1.00
2015.08.05 09:11:02.903,2.11367,2.11397,1.00,1.00
2015.08.05 09:11:07.481,2.11368,2.11401,1.00,1.00
2015.08.05 09:11:08.031,2.11376,2.11402,1.00,1.00
2015.08.05 09:11:08.184,2.11388,2.11416,1.00,1.00
2015.08.05 09:11:08.285,2.11382,2.11415,1.00,1.00
2015.08.05 09:11:08.438,2.11388,2.11416,1.00,1.00
2015.08.05 09:11:08.539,2.11379,2.11412,1.00,1.00
2015.08.05 09:11:09.041,2.1138,2.11412,1.00,1.00
2015.08.05 09:11:09.395,2.11383,2.11414,1.00,1.00
2015.08.05 09:11:13.903,2.11385,2.11418,1.00,1.00
2015.08.05 09:11:14.092,2.11389,2.11418,1.00,1.00
2015.08.05 09:11:14.143,2.11394,2.11424,1.00,1.00
2015.08.05 09:11:14.346,2.11394,2.11426,1.00,1.00
2015.08.05 09:11:17.968,2.11401,2.11432,1.00,1.00
2015.08.05 09:11:18.424,2.11404,2.11435,1.00,1.00
2015.08.05 09:11:18.626,2.11406,2.11439,1.50,1.00
2015.08.05 09:11:18.728,2.11408,2.11439,1.00,1.00
2015.08.05 09:11:18.879,2.11409,2.11442,1.00,1.00
2015.08.05 09:11:18.981,2.11416,2.11447,1.00,1.00
2015.08.05 09:11:19.032,2.11416,2.11449,1.00,1.50
2015.08.05 09:11:19.205,2.11411,2.11442,1.00,1.00
2015.08.05 09:11:19.661,2.11416,2.11448,1.00,1.00
2015.08.05 09:11:21.806,2.1142,2.11448,1.00,1.00
2015.08.05 09:11:21.973,2.11421,2.11453,1.00,1.00
2015.08.05 09:11:22.176,2.11424,2.11455,1.00,1.50
2015.08.05 09:11:22.681,2.11424,2.11452,1.00,1.00
2015.08.05 09:11:22.888,2.11417,2.11447,1.00,1.00
2015.08.05 09:11:23.144,2.11418,2.11445,1.00,1.00
2015.08.05 09:11:23.549,2.11424,2.11451,1.00,1.00
2015.08.05 09:11:23.892,2.1142,2.11449,1.00,1.00
2015.08.05 09:11:23.943,2.11426,2.11458,1.00,2.25
2015.08.05 09:11:23.994,2.11432,2.11458,1.00,1.50
2015.08.05 09:11:24.146,2.11427,2.11458,1.00,1.00
2015.08.05 09:11:24.550,2.11437,2.11464,1.00,1.00
2015.08.05 09:11:24.920,2.1144,2.11464,1.00,1.00
2015.08.05 09:11:24.971,2.11434,2.11464,1.00,1.00
2015.08.05 09:11:25.475,2.11441,2.11467,1.00,1.00
2015.08.05 09:11:25.577,2.11436,2.11467,1.50,1.00
2015.08.05 09:11:25.678,2.11444,2.1147,1.00,1.00
2015.08.05 09:11:25.779,2.11444,2.11472,1.00,1.00
2015.08.05 09:11:26.009,2.11444,2.11474,1.00,1.00
2015.08.05 09:11:26.060,2.11448,2.11476,1.00,1.00
2015.08.05 09:11:26.212,2.11451,2.1148,1.00,1.00
2015.08.05 09:11:26.778,2.11451,2.11478,1.00,1.00
2015.08.05 09:11:27.320,2.11451,2.11479,1.00,1.00
2015.08.05 09:11:27.775,2.11449,2.11478,1.00,1.00
2015.08.05 09:11:28.279,2.11449,2.11479,1.00,1.00
2015.08.05 09:11:31.161,2.11449,2.11481,1.00,1.50
2015.08.05 09:11:31.212,2.11453,2.11481,1.00,1.00
2015.08.05 09:11:31.376,2.11453,2.11483,1.00,1.00
2015.08.05 09:11:31.428,2.11455,2.11484,1.00,1.00
2015.08.05 09:11:31.479,2.11455,2.11486,1.00,1.00
2015.08.05 09:11:31.580,2.11462,2.1149,1.00,1.00
2015.08.05 09:11:31.732,2.11462,2.11493,1.00,1.00
2015.08.05 09:11:32.248,2.11462,2.11491,1.00,1.00
2015.08.05 09:11:32.824,2.11462,2.11492,1.00,1.00
2015.08.05 09:11:35.535,2.11462,2.11493,1.00,1.00
2015.08.05 09:11:41.910,2.11462,2.1149,1.00,1.00
2015.08.05 09:11:43.368,2.11462,2.11493,1.00,1.00
2015.08.05 09:11:45.038,2.11472,2.11498,1.00,1.00
2015.08.05 09:11:45.090,2.11466,2.11498,1.00,1.50
2015.08.05 09:11:45.142,2.11477,2.11499,1.00,1.00
2015.08.05 09:11:45.193,2.11467,2.11499,1.00,1.50
2015.08.05 09:11:45.245,2.1147,2.11501,1.00,1.00
2015.08.05 09:11:45.447,2.11473,2.11506,1.00,1.00
2015.08.05 09:11:45.701,2.11476,2.11506,1.00,1.00
2015.08.05 09:11:45.752,2.11478,2.1151,1.00,1.00
2015.08.05 09:11:45.803,2.11487,2.11513,1.00,1.00
2015.08.05 09:11:45.854,2.11479,2.11512,1.00,1.00
2015.08.05 09:11:46.123,2.11487,2.11519,1.00,1.00
2015.08.05 09:11:46.629,2.11487,2.11518,1.00,1.00
2015.08.05 09:11:47.238,2.11487,2.11519,1.00,1.00
2015.08.05 09:11:47.861,2.11487,2.11518,1.00,1.00
2015.08.05 09:11:48.988,2.11487,2.1152,1.00,1.50
2015.08.05 09:11:49.188,2.11487,2.11518,1.00,1.00
2015.08.05 09:11:49.499,2.11487,2.11516,1.00,1.00
2015.08.05 09:11:50.492,2.11487,2.11518,1.00,1.00
2015.08.05 09:11:53.251,2.11487,2.1152,1.00,1.50
2015.08.05 09:11:54.343,2.11487,2.11518,1.00,1.00
2015.08.05 09:11:54.888,2.11487,2.11517,1.00,1.00
2015.08.05 09:11:54.939,2.11487,2.11519,1.00,1.00
2015.08.05 09:11:55.891,2.11487,2.11517,1.00,1.00
2015.08.05 09:11:56.340,2.11487,2.11515,1.00,1.00
2015.08.05 09:11:56.542,2.11487,2.11519,1.00,1.00
2015.08.05 09:11:57.064,2.11487,2.1152,1.00,1.50
2015.08.05 09:11:57.371,2.1149,2.11522,1.00,1.00
2015.08.05 09:12:00.127,2.11492,2.11524,1.00,1.00
2015.08.05 09:12:01.347,2.11492,2.11519,1.00,1.00
2015.08.05 09:12:01.619,2.11485,2.11518,1.50,1.50
2015.08.05 09:12:01.720,2.11485,2.11514,1.00,1.00
2015.08.05 09:12:01.823,2.11485,2.11517,1.00,1.00
2015.08.05 09:12:01.974,2.11485,2.11513,1.00,1.00
2015.08.05 09:12:02.228,2.11469,2.11501,1.00,1.00
2015.08.05 09:12:02.714,2.11475,2.11508,1.00,1.00
2015.08.05 09:12:02.966,2.11479,2.11508,1.00,1.00
2015.08.05 09:12:03.322,2.1148,2.11511,1.00,1.00
2015.08.05 09:12:03.862,2.1148,2.11512,1.00,1.50
2015.08.05 09:12:03.913,2.11476,2.11507,1.00,1.00
2015.08.05 09:12:04.216,2.11472,2.11499,1.00,1.00
2015.08.05 09:12:04.267,2.11466,2.11499,1.00,1.00
2015.08.05 09:12:04.318,2.11478,2.11503,1.00,1.00
2015.08.05 09:12:04.470,2.11471,2.11502,1.00,1.00
2015.08.05 09:12:07.529,2.11468,2.115,1.00,1.00
2015.08.05 09:12:07.580,2.11462,2.11492,1.00,1.00
2015.08.05 09:12:07.682,2.11451,2.11492,2.25,1.00
2015.08.05 09:12:07.733,2.11456,2.11489,1.00,1.00
2015.08.05 09:12:07.835,2.11448,2.11489,1.00,1.50
2015.08.05 09:12:07.886,2.11445,2.11482,1.00,1.00
2015.08.05 09:12:08.222,2.11451,2.11478,1.00,1.00
2015.08.05 09:12:08.425,2.11451,2.11481,1.00,1.00
2015.08.05 09:12:08.684,2.11451,2.11479,1.00,1.00
2015.08.05 09:12:09.315,2.11451,2.1148,1.00,1.00
2015.08.05 09:12:11.089,2.11451,2.11483,1.00,1.00
2015.08.05 09:12:12.089,2.11451,2.11481,1.00,1.00
2015.08.05 09:12:12.393,2.11445,2.11475,1.00,1.00
2015.08.05 09:12:13.071,2.11445,2.11473,1.00,1.34
2015.08.05 09:12:13.172,2.11439,2.11463,1.00,1.00
2015.08.05 09:12:13.223,2.11439,2.11458,1.00,1.00
2015.08.05 09:12:13.274,2.11437,2.11458,1.00,1.00
2015.08.05 09:12:13.325,2.11427,2.1146,1.00,1.00
2015.08.05 09:12:13.376,2.11426,2.11457,1.00,1.00
2015.08.05 09:12:13.427,2.1142,2.11459,1.00,1.00
2015.08.05 09:12:13.627,2.11418,2.11457,1.00,1.00
2015.08.05 09:12:13.678,2.11418,2.11459,1.00,1.50
2015.08.05 09:12:13.729,2.11424,2.11456,1.00,1.00
2015.08.05 09:12:14.234,2.11424,2.11455,1.00,1.00
2015.08.05 09:12:14.386,2.11415,2.11447,1.00,1.00
2015.08.05 09:12:14.929,2.11416,2.11447,1.00,1.00
2015.08.05 09:12:15.459,2.11417,2.11447,1.00,1.00
2015.08.05 09:12:15.712,2.11415,2.11447,1.00,1.00
2015.08.05 09:12:15.923,2.11415,2.11441,1.00,1.00
2015.08.05 09:12:16.075,2.11402,2.11433,1.00,1.00
2015.08.05 09:12:16.227,2.114,2.11432,1.00,1.00
2015.08.05 09:12:16.783,2.11405,2.11436,1.00,1.00
2015.08.05 09:12:20.692,2.11407,2.1144,1.00,1.50
2015.08.05 09:12:20.793,2.11406,2.11436,1.00,1.00
2015.08.05 09:12:28.669,2.11406,2.11433,1.00,1.00
2015.08.05 09:12:28.719,2.11397,2.11427,1.00,1.00
2015.08.05 09:12:28.770,2.11392,2.11424,2.25,1.00
2015.08.05 09:12:28.821,2.11394,2.11424,1.00,1.00
2015.08.05 09:12:28.922,2.11395,2.11428,1.00,1.00
2015.08.05 09:12:29.258,2.11392,2.11425,1.00,1.00
2015.08.05 09:12:29.574,2.11392,2.11422,1.00,1.00
2015.08.05 09:12:29.679,2.11392,2.11425,1.00,2.25
2015.08.05 09:12:29.780,2.11392,2.11422,1.00,1.00
2015.08.05 09:12:30.392,2.11392,2.11424,1.00,1.00
2015.08.05 09:12:31.238,2.11387,2.11418,1.84,1.00
2015.08.05 09:12:36.448,2.11392,2.11423,1.00,1.00
2015.08.05 09:12:36.963,2.11392,2.11422,1.00,1.00
2015.08.05 09:12:37.216,2.11392,2.11425,1.00,1.50
2015.08.05 09:12:37.734,2.11392,2.11424,1.00,1.00
2015.08.05 09:12:38.731,2.11392,2.11423,1.00,1.00
2015.08.05 09:12:39.249,2.11392,2.11424,1.00,1.00
2015.08.05 09:12:39.839,2.11392,2.11423,1.00,1.00
2015.08.05 09:12:40.041,2.11392,2.11425,1.00,1.50
2015.08.05 09:12:41.004,2.11395,2.11426,1.00,1.00
2015.08.05 09:12:41.308,2.11394,2.11423,1.00,1.00
2015.08.05 09:12:41.410,2.11394,2.11426,1.50,1.00
2015.08.05 09:12:41.987,2.11404,2.11428,1.00,1.00
2015.08.05 09:12:42.089,2.11404,2.11434,1.00,1.50
2015.08.05 09:12:42.140,2.11397,2.11428,1.00,1.00
2015.08.05 09:12:42.191,2.114,2.11432,1.00,1.00
2015.08.05 09:12:42.443,2.11403,2.11432,1.00,1.00
2015.08.05 09:12:42.545,2.11403,2.11436,1.50,1.00
2015.08.05 09:12:42.855,2.11408,2.11436,1.00,1.00
2015.08.05 09:12:42.957,2.11408,2.11439,1.00,1.00
2015.08.05 09:12:43.008,2.11411,2.11439,1.00,1.00
2015.08.05 09:12:43.110,2.11411,2.11442,1.50,1.00
2015.08.05 09:12:49.020,2.11411,2.11438,1.00,1.00
2015.08.05 09:12:52.543,2.11411,2.11439,1.00,1.00
2015.08.05 09:12:53.090,2.11411,2.11438,1.00,1.00
2015.08.05 09:12:54.395,2.11411,2.11442,1.00,1.00
2015.08.05 09:12:54.900,2.11414,2.11446,1.00,1.00
2015.08.05 09:12:55.551,2.11412,2.11443,1.00,1.00
2015.08.05 09:12:56.417,2.11413,2.11443,1.00,1.00
2015.08.05 09:12:56.929,2.11412,2.11443,1.00,1.50
2015.08.05 09:12:58.693,2.11419,2.11448,1.00,1.00
2015.08.05 09:12:58.896,2.1141,2.11441,1.50,1.00
2015.08.05 09:12:58.947,2.11413,2.11444,1.50,1.00
2015.08.05 09:12:59.048,2.11415,2.11447,1.00,1.00
2015.08.05 09:12:59.979,2.1142,2.1145,1.00,1.00
2015.08.05 09:13:00.790,2.1142,2.11448,1.00,1.00
2015.08.05 09:13:00.893,2.1142,2.1145,1.00,1.00
2015.08.05 09:13:00.995,2.11415,2.11446,1.00,1.00
2015.08.05 09:13:01.300,2.1142,2.11449,1.00,1.00
2015.08.05 09:13:01.350,2.1142,2.11452,1.00,1.00
2015.08.05 09:13:01.452,2.11424,2.11453,1.00,1.00
2015.08.05 09:13:01.743,2.11425,2.11457,1.00,1.00
2015.08.05 09:13:02.950,2.11422,2.11453,1.00,1.00
2015.08.05 09:13:05.519,2.11428,2.11454,1.00,1.00
2015.08.05 09:13:06.055,2.11428,2.11453,1.00,1.00
2015.08.05 09:13:06.843,2.11422,2.11452,1.00,1.00
2015.08.05 09:13:07.045,2.11431,2.11456,1.00,1.00
2015.08.05 09:13:07.096,2.11431,2.11459,1.00,1.00
2015.08.05 09:13:07.147,2.11433,2.11459,1.00,1.00
2015.08.05 09:13:07.198,2.11428,2.11459,1.00,1.00
2015.08.05 09:13:07.400,2.11428,2.11461,1.00,1.00
2015.08.05 09:13:07.905,2.11433,2.11464,1.00,1.00
2015.08.05 09:13:08.210,2.1144,2.11468,1.00,1.00
2015.08.05 09:13:08.523,2.1144,2.11471,1.00,1.00
2015.08.05 09:13:08.726,2.11444,2.11473,1.00,1.00
2015.08.05 09:13:08.828,2.11451,2.11483,1.00,1.00
2015.08.05 09:13:08.980,2.11454,2.11485,1.00,1.50
2015.08.05 09:13:09.341,2.11449,2.1148,1.00,1.00
2015.08.05 09:13:09.998,2.11458,2.11486,1.00,1.00
2015.08.05 09:13:10.201,2.11449,2.11479,1.00,1.00
2015.08.05 09:13:10.252,2.11449,2.11473,1.00,1.00
2015.08.05 09:13:10.392,2.11446,2.11476,1.50,1.00
2015.08.05 09:13:10.443,2.11449,2.11479,1.00,1.00
2015.08.05 09:13:10.545,2.11449,2.11481,1.00,1.00
2015.08.05 09:13:10.748,2.11451,2.11484,1.00,1.00
2015.08.05 09:13:10.849,2.11454,2.11485,1.00,1.00
2015.08.05 09:13:15.752,2.11459,2.11489,1.00,1.00
2015.08.05 09:13:17.370,2.11455,2.11488,1.00,1.00
2015.08.05 09:13:17.655,2.11455,2.11486,1.00,1.00
2015.08.05 09:13:18.261,2.11455,2.11485,1.00,1.00
2015.08.05 09:13:18.362,2.11451,2.11483,1.00,1.00
2015.08.05 09:13:21.481,2.11459,2.1149,1.00,2.25
2015.08.05 09:13:21.532,2.11453,2.11486,1.00,1.00
2015.08.05 09:13:21.886,2.1146,2.11489,1.00,1.00
2015.08.05 09:13:22.138,2.11463,2.11494,1.00,1.00
2015.08.05 09:13:22.900,2.11463,2.11489,1.00,1.00
2015.08.05 09:13:22.951,2.11459,2.11489,1.00,1.50
2015.08.05 09:13:23.103,2.11459,2.11484,1.00,1.00
2015.08.05 09:13:23.204,2.11455,2.11484,1.50,1.50
2015.08.05 09:13:23.255,2.11449,2.11481,1.00,1.00
2015.08.05 09:13:23.356,2.11447,2.11478,1.00,1.00
2015.08.05 09:13:23.459,2.11439,2.11471,1.50,1.00
2015.08.05 09:13:23.509,2.11439,2.11467,1.00,1.00
2015.08.05 09:13:23.620,2.11436,2.11467,1.00,1.00
2015.08.05 09:13:23.721,2.11429,2.11468,1.00,1.00
2015.08.05 09:13:23.772,2.11429,2.11463,1.00,1.00
2015.08.05 09:13:23.924,2.11419,2.11459,1.10,1.00
2015.08.05 09:13:24.025,2.11419,2.11461,1.00,1.00
2015.08.05 09:13:24.228,2.11421,2.11463,1.00,1.50
2015.08.05 09:13:24.603,2.11424,2.11454,1.00,1.00
2015.08.05 09:13:25.113,2.11419,2.11446,1.00,1.00
2015.08.05 09:13:25.215,2.11418,2.11451,1.00,1.00
2015.08.05 09:13:25.680,2.11427,2.11456,1.00,1.00
2015.08.05 09:13:25.782,2.11421,2.11451,1.00,1.00
2015.08.05 09:13:26.352,2.1143,2.1146,1.00,1.00
2015.08.05 09:13:26.752,2.11426,2.11458,1.00,1.00
2015.08.05 09:13:26.960,2.11431,2.11461,1.00,1.00
2015.08.05 09:13:27.011,2.11428,2.11459,1.00,1.00
2015.08.05 09:13:27.213,2.11432,2.11465,1.00,1.00
2015.08.05 09:13:28.511,2.11432,2.11463,1.00,1.00
2015.08.05 09:13:28.814,2.1143,2.1146,1.00,1.00
2015.08.05 09:13:29.425,2.11431,2.1146,1.00,1.00
2015.08.05 09:13:30.081,2.1143,2.1146,1.50,1.00
2015.08.05 09:13:30.720,2.11435,2.1146,1.00,1.00
2015.08.05 09:13:31.023,2.11448,2.1147,1.00,1.00
2015.08.05 09:13:31.124,2.1144,2.11465,1.00,1.00
2015.08.05 09:13:31.175,2.11447,2.1147,1.00,1.00
2015.08.05 09:13:31.520,2.11445,2.11467,1.00,1.00
2015.08.05 09:13:31.824,2.1145,2.11472,1.00,1.00
2015.08.05 09:13:32.362,2.11445,2.11467,1.00,1.00
2015.08.05 09:13:32.413,2.11449,2.11472,1.00,1.00
2015.08.05 09:13:32.735,2.11444,2.11469,1.00,1.00
2015.08.05 09:13:32.938,2.11438,2.11463,1.00,1.00
2015.08.05 09:13:33.241,2.11434,2.11457,1.00,1.00
2015.08.05 09:13:34.046,2.11442,2.11465,1.00,1.00
2015.08.05 09:13:34.551,2.11442,2.11464,1.00,1.00
2015.08.05 09:13:34.803,2.11442,2.11467,1.00,1.50
2015.08.05 09:13:35.206,2.11439,2.11463,1.00,1.00
2015.08.05 09:13:36.115,2.11436,2.11461,1.00,1.00
2015.08.05 09:13:37.708,2.11442,2.11465,1.00,1.00
2015.08.05 09:13:38.178,2.11438,2.1146,1.00,1.00
2015.08.05 09:13:39.358,2.11442,2.11467,1.00,1.00
2015.08.05 09:13:39.460,2.11447,2.11472,1.00,1.00
2015.08.05 09:13:39.764,2.11447,2.1147,1.00,1.00
2015.08.05 09:13:39.916,2.11439,2.11463,1.00,1.00
2015.08.05 09:13:40.017,2.11437,2.1146,1.00,1.00
2015.08.05 09:13:40.219,2.1143,2.11454,1.00,1.00
2015.08.05 09:13:41.000,2.11424,2.11449,1.00,1.00
2015.08.05 09:13:41.505,2.11424,2.11448,1.00,1.00
2015.08.05 09:13:41.556,2.1142,2.11442,1.00,1.00
2015.08.05 09:13:42.098,2.11424,2.11446,1.00,1.00
2015.08.05 09:13:42.553,2.11421,2.11444,1.00,1.00
2015.08.05 09:13:42.604,2.11418,2.11442,1.00,1.00
2015.08.05 09:13:43.215,2.1142,2.11445,1.00,1.00
2015.08.05 09:13:43.923,2.11417,2.1144,1.00,1.00
2015.08.05 09:13:44.227,2.11415,2.11437,1.00,1.00
2015.08.05 09:13:44.479,2.11409,2.11433,1.00,1.00
2015.08.05 09:13:44.790,2.11404,2.11429,1.00,1.00
2015.08.05 09:13:51.928,2.11404,2.11428,1.00,1.00
2015.08.05 09:13:52.438,2.11404,2.11429,1.00,1.00
2015.08.05 09:14:02.319,2.11399,2.11423,1.00,1.00
2015.08.05 09:14:02.636,2.11393,2.11418,1.00,1.50
2015.08.05 09:14:02.687,2.11387,2.11418,1.00,1.50
2015.08.05 09:14:02.738,2.11383,2.11416,1.00,1.00
2015.08.05 09:14:04.026,2.1139,2.11419,1.00,1.00
2015.08.05 09:14:04.298,2.11388,2.11418,1.00,1.00
2015.08.05 09:14:04.559,2.11384,2.11416,1.00,1.00
2015.08.05 09:14:05.126,2.11389,2.11419,1.00,1.00
2015.08.05 09:14:06.472,2.11391,2.11422,1.00,1.00
2015.08.05 09:14:08.704,2.11386,2.11416,1.00,1.00
2015.08.05 09:14:08.805,2.11379,2.1141,1.00,1.00
2015.08.05 09:14:09.119,2.11382,2.1141,1.00,1.00
2015.08.05 09:14:09.272,2.11384,2.11414,1.00,1.00
2015.08.05 09:14:09.546,2.1139,2.1142,1.00,1.00
2015.08.05 09:14:09.597,2.11392,2.11423,1.00,1.50
2015.08.05 09:14:11.007,2.11392,2.11421,1.00,1.00
2015.08.05 09:14:11.108,2.11392,2.11423,1.00,1.50
2015.08.05 09:14:12.187,2.11389,2.11422,1.00,1.00
2015.08.05 09:14:12.516,2.11393,2.11425,1.00,1.00
2015.08.05 09:14:16.826,2.11391,2.11422,1.50,1.00
2015.08.05 09:14:16.927,2.11394,2.11426,1.00,1.00
2015.08.05 09:14:18.237,2.11394,2.11425,1.00,1.00
2015.08.05 09:14:18.742,2.11394,2.11426,1.00,1.00
2015.08.05 09:14:21.150,2.11397,2.11428,1.00,1.00
2015.08.05 09:14:21.454,2.11393,2.11425,1.00,1.00
2015.08.05 09:14:26.608,2.11393,2.11424,1.00,1.00
2015.08.05 09:14:27.112,2.11393,2.11425,1.00,1.00
2015.08.05 09:14:27.415,2.11395,2.11427,1.00,1.00
2015.08.05 09:14:27.718,2.11409,2.11433,1.00,1.00
2015.08.05 09:14:28.137,2.11418,2.11437,1.00,1.00
2015.08.05 09:14:28.239,2.11418,2.11441,1.00,1.00
2015.08.05 09:14:28.340,2.11416,2.11438,1.00,1.00
2015.08.05 09:14:28.492,2.11419,2.11443,1.00,1.00
2015.08.05 09:14:28.897,2.11419,2.11441,1.00,1.00
2015.08.05 09:14:29.402,2.11419,2.1144,1.00,1.00
2015.08.05 09:14:29.554,2.11419,2.11443,1.00,1.00
2015.08.05 09:14:29.806,2.11419,2.1144,1.00,1.00
2015.08.05 09:14:30.101,2.11419,2.11443,1.00,1.00
2015.08.05 09:14:30.203,2.11416,2.11441,1.00,1.00
2015.08.05 09:14:30.254,2.11412,2.11435,1.00,1.00
2015.08.05 09:14:30.813,2.11417,2.11439,1.00,1.00
2015.08.05 09:14:32.870,2.11418,2.11439,1.00,1.00
2015.08.05 09:14:32.972,2.11425,2.11449,1.00,1.00
2015.08.05 09:14:33.023,2.11438,2.11458,1.00,1.00
2015.08.05 09:14:33.277,2.11424,2.11449,1.00,1.00
2015.08.05 09:14:33.378,2.11423,2.11445,1.00,1.00
2015.08.05 09:14:33.942,2.11418,2.1144,1.00,1.00
2015.08.05 09:14:33.993,2.1142,2.11445,1.00,1.00
2015.08.05 09:14:34.195,2.11417,2.1144,1.00,1.00
2015.08.05 09:14:34.296,2.11414,2.11438,1.00,1.00
2015.08.05 09:14:34.758,2.1141,2.11435,1.00,1.00
2015.08.05 09:14:34.859,2.11407,2.11429,1.00,1.00
2015.08.05 09:14:35.849,2.11408,2.11433,1.00,1.00
2015.08.05 09:14:36.095,2.11414,2.11437,1.00,1.00
2015.08.05 09:14:36.247,2.11417,2.11441,1.00,1.00
2015.08.05 09:14:38.652,2.11414,2.11436,1.00,1.00
2015.08.05 09:14:38.703,2.1141,2.11434,1.00,1.00
2015.08.05 09:14:39.471,2.11423,2.11441,1.00,1.00
2015.08.05 09:14:40.581,2.11419,2.11441,1.00,1.00
2015.08.05 09:14:42.733,2.11419,2.11438,1.00,1.00
2015.08.05 09:14:42.937,2.11419,2.11444,1.00,1.00
2015.08.05 09:14:43.747,2.11417,2.11439,1.00,1.00
2015.08.05 09:14:44.016,2.11419,2.11442,1.00,1.00
2015.08.05 09:14:44.892,2.11414,2.11439,1.00,1.00
2015.08.05 09:14:45.860,2.11421,2.11446,1.00,1.00
2015.08.05 09:14:47.358,2.11425,2.11449,1.00,1.00
2015.08.05 09:14:47.661,2.11429,2.11452,1.00,1.00
2015.08.05 09:14:48.167,2.1143,2.11453,1.00,1.00
2015.08.05 09:14:48.684,2.1143,2.11446,1.00,1.00
2015.08.05 09:14:48.735,2.11413,2.11438,1.00,1.00
2015.08.05 09:14:48.786,2.11412,2.11436,1.00,1.00
2015.08.05 09:14:49.091,2.11414,2.11438,1.00,1.00
2015.08.05 09:14:49.495,2.11415,2.11433,1.00,1.00
2015.08.05 09:14:49.546,2.11411,2.11433,1.00,1.00
2015.08.05 09:14:49.597,2.11409,2.11432,1.00,1.00
2015.08.05 09:14:49.958,2.11406,2.11431,1.00,1.00
2015.08.05 09:14:50.110,2.11402,2.11427,1.00,1.00
2015.08.05 09:14:50.917,2.114,2.11424,1.00,1.00
2015.08.05 09:14:50.968,2.11406,2.11431,1.00,1.00
2015.08.05 09:14:51.691,2.11408,2.11432,1.00,1.00
2015.08.05 09:14:52.046,2.11413,2.11435,1.00,1.00
2015.08.05 09:14:52.249,2.1142,2.11443,1.00,1.00
2015.08.05 09:14:53.158,2.11423,2.11445,1.00,1.00
2015.08.05 09:14:58.171,2.11425,2.11449,1.00,1.00
2015.08.05 09:14:59.799,2.11427,2.11449,1.00,1.00
2015.08.05 09:15:00.166,2.11432,2.11454,1.00,1.00
2015.08.05 09:15:00.268,2.1144,2.11463,1.00,1.00
2015.08.05 09:15:00.369,2.11447,2.11471,1.00,1.00
2015.08.05 09:15:00.470,2.11437,2.11472,1.00,1.50
2015.08.05 09:15:00.521,2.1145,2.11472,1.00,1.50
2015.08.05 09:15:01.164,2.11451,2.11473,1.00,1.00
2015.08.05 09:15:01.467,2.11451,2.11471,1.00,1.00
2015.08.05 09:15:01.770,2.11447,2.11471,1.00,1.00
2015.08.05 09:15:01.821,2.11447,2.11473,1.00,1.00
2015.08.05 09:15:02.024,2.11447,2.11475,1.00,1.00
2015.08.05 09:15:02.392,2.11452,2.11475,1.00,1.00
2015.08.05 09:15:03.467,2.11452,2.11474,1.00,1.00
2015.08.05 09:15:03.518,2.11448,2.11474,1.00,1.00
2015.08.05 09:15:04.001,2.11444,2.11474,1.00,1.00
2015.08.05 09:15:06.969,2.11444,2.11473,1.00,1.00
2015.08.05 09:15:07.473,2.11444,2.11472,1.00,1.00
2015.08.05 09:15:07.726,2.11444,2.11467,1.00,1.00
2015.08.05 09:15:08.175,2.11444,2.11472,1.00,1.00
2015.08.05 09:15:08.276,2.11444,2.1147,1.00,1.00
2015.08.05 09:15:08.534,2.1144,2.1147,1.00,1.00
2015.08.05 09:15:08.842,2.11439,2.11468,1.00,1.00
2015.08.05 09:15:09.381,2.11439,2.11467,1.00,1.00
2015.08.05 09:15:09.743,2.11439,2.11465,1.00,1.00
2015.08.05 09:15:10.604,2.11439,2.11466,1.00,1.00
2015.08.05 09:15:10.756,2.11434,2.11463,1.00,1.00
2015.08.05 09:15:10.807,2.11431,2.11463,1.00,1.00
2015.08.05 09:15:11.312,2.11431,2.11463,1.34,1.50
2015.08.05 09:15:11.363,2.11441,2.11466,1.00,1.00
2015.08.05 09:15:11.414,2.11441,2.11461,1.50,1.00
2015.08.05 09:15:11.465,2.11451,2.11475,1.00,1.00
2015.08.05 09:15:11.515,2.11451,2.11481,1.00,1.00
2015.08.05 09:15:11.567,2.11451,2.11483,1.00,1.50
2015.08.05 09:15:11.617,2.11451,2.11477,1.00,1.00
2015.08.05 09:15:11.787,2.11427,2.11458,1.50,1.00
2015.08.05 09:15:11.889,2.11424,2.11451,1.00,1.00
2015.08.05 09:15:12.394,2.11419,2.11452,1.00,1.00
2015.08.05 09:15:13.448,2.11419,2.11451,1.00,1.00
2015.08.05 09:15:13.499,2.11424,2.11451,1.00,1.00
2015.08.05 09:15:13.549,2.11414,2.11445,1.00,1.00
2015.08.05 09:15:13.802,2.11409,2.11441,1.00,1.00
2015.08.05 09:15:13.853,2.11402,2.11433,1.00,1.00
2015.08.05 09:15:13.993,2.114,2.11438,1.00,1.50
2015.08.05 09:15:14.044,2.11398,2.11433,1.00,1.00
2015.08.05 09:15:14.347,2.1139,2.11429,1.00,1.50
2015.08.05 09:15:14.449,2.11391,2.11424,1.00,1.00
2015.08.05 09:15:14.753,2.11399,2.11431,1.00,1.00
2015.08.05 09:15:15.007,2.11402,2.11435,1.00,1.00
2015.08.05 09:15:15.120,2.1141,2.11438,1.00,1.00
2015.08.05 09:15:15.222,2.11404,2.11437,1.00,1.00
2015.08.05 09:15:16.262,2.11409,2.11439,1.00,1.00
2015.08.05 09:15:16.541,2.11413,2.11444,1.00,3.00
2015.08.05 09:15:16.895,2.1141,2.11442,1.00,1.00
2015.08.05 09:15:18.557,2.11406,2.11439,1.00,1.00
2015.08.05 09:15:18.609,2.11401,2.11434,1.00,1.00
2015.08.05 09:15:19.013,2.1141,2.11436,1.00,1.50
2015.08.05 09:15:19.221,2.11405,2.11435,1.00,1.00
2015.08.05 09:15:21.362,2.11399,2.11432,1.00,1.00
2015.08.05 09:15:21.515,2.1141,2.11436,1.00,1.50
2015.08.05 09:15:21.714,2.11396,2.11426,1.00,1.00
2015.08.05 09:15:21.766,2.11394,2.11422,1.50,1.00
2015.08.05 09:15:21.867,2.11391,2.11421,1.00,1.00
2015.08.05 09:15:21.918,2.11391,2.11413,1.00,1.00
2015.08.05 09:15:21.969,2.11385,2.1142,1.00,1.00
2015.08.05 09:15:22.121,2.11385,2.11417,1.00,1.00
2015.08.05 09:15:22.424,2.11379,2.11409,1.00,1.00
2015.08.05 09:15:23.095,2.11386,2.11412,1.00,1.00
2015.08.05 09:15:23.146,2.11386,2.11416,1.00,1.00
2015.08.05 09:15:23.197,2.11388,2.11417,1.00,1.00
2015.08.05 09:15:23.248,2.11388,2.11421,1.00,1.00
2015.08.05 09:15:23.450,2.11388,2.11419,1.00,1.00
2015.08.05 09:15:23.773,2.11388,2.11416,1.00,1.00
2015.08.05 09:15:23.824,2.11382,2.11415,1.00,1.00
2015.08.05 09:15:23.874,2.1139,2.11421,1.00,1.50
2015.08.05 09:15:24.178,2.11383,2.11414,1.00,1.00
2015.08.05 09:15:24.430,2.11379,2.11411,1.00,1.00
2015.08.05 09:15:25.420,2.11382,2.11413,1.00,1.00
2015.08.05 09:15:25.769,2.11388,2.11426,1.00,1.42
2015.08.05 09:15:25.873,2.11401,2.11431,1.00,1.00
2015.08.05 09:15:25.924,2.11396,2.11427,1.00,1.00
2015.08.05 09:15:26.227,2.11393,2.11424,1.00,1.00
2015.08.05 09:15:26.683,2.11395,2.11427,1.00,1.00
2015.08.05 09:15:29.323,2.11392,2.11424,1.00,1.50
2015.08.05 09:15:29.374,2.11387,2.1142,1.00,1.00
2015.08.05 09:15:29.526,2.11387,2.11418,1.00,1.00
2015.08.05 09:15:29.881,2.11387,2.11413,1.00,1.00
2015.08.05 09:15:29.982,2.11382,2.11412,1.00,1.00
2015.08.05 09:15:30.487,2.11382,2.11413,1.00,1.50
2015.08.05 09:15:30.841,2.11383,2.11415,1.00,1.00
2015.08.05 09:15:31.552,2.11383,2.11414,1.00,1.00
2015.08.05 09:15:31.603,2.11381,2.1141,1.00,1.00
2015.08.05 09:15:31.755,2.11374,2.11407,1.00,1.00
2015.08.05 09:15:32.245,2.11374,2.11405,1.00,1.00
2015.08.05 09:15:32.751,2.11374,2.11406,1.00,1.00
2015.08.05 09:15:33.305,2.1137,2.11402,1.00,1.00
2015.08.05 09:15:33.512,2.11364,2.11397,1.00,1.00
2015.08.05 09:15:33.715,2.11359,2.11389,1.00,1.00
2015.08.05 09:15:33.816,2.11363,2.11394,1.00,1.00
2015.08.05 09:15:38.954,2.1136,2.1139,1.00,1.00
2015.08.05 09:15:39.458,2.11359,2.1139,1.00,1.00
2015.08.05 09:15:41.086,2.11359,2.11389,1.00,1.00
2015.08.05 09:15:41.616,2.11359,2.1139,1.00,1.00
2015.08.05 09:15:42.067,2.11359,2.11388,1.00,1.00
2015.08.05 09:15:42.118,2.11356,2.11387,1.00,1.00
2015.08.05 09:15:42.388,2.11356,2.11383,1.00,1.00
2015.08.05 09:15:42.890,2.11353,2.11383,1.00,1.00
2015.08.05 09:15:43.294,2.11353,2.11385,1.00,1.00
2015.08.05 09:15:43.396,2.11348,2.11378,1.00,1.00
2015.08.05 09:15:43.447,2.11348,2.1138,1.00,1.00
2015.08.05 09:15:43.749,2.11352,2.11384,1.00,1.50
2015.08.05 09:15:44.075,2.11349,2.11379,1.00,1.00
2015.08.05 09:15:44.602,2.1135,2.1138,1.00,1.00
2015.08.05 09:15:44.926,2.11356,2.11386,1.00,2.25
2015.08.05 09:15:45.078,2.11351,2.11382,1.00,1.00
2015.08.05 09:15:45.582,2.11352,2.11379,1.00,1.00
2015.08.05 09:15:45.835,2.11352,2.11383,1.00,1.00
2015.08.05 09:15:46.340,2.11353,2.11383,1.00,1.00
2015.08.05 09:15:46.545,2.11351,2.11383,1.00,1.00
2015.08.05 09:15:47.446,2.1135,2.11381,1.00,1.00
2015.08.05 09:15:47.750,2.11353,2.11381,1.00,1.00
2015.08.05 09:15:47.801,2.11343,2.11373,1.00,1.00
2015.08.05 09:15:47.952,2.11345,2.11376,1.00,1.00
2015.08.05 09:15:48.866,2.1135,2.11381,1.00,1.00
2015.08.05 09:15:49.180,2.11349,2.11379,1.00,1.00
2015.08.05 09:15:49.433,2.11361,2.11394,1.00,1.50
2015.08.05 09:15:49.534,2.11364,2.11394,1.50,1.00
2015.08.05 09:15:49.838,2.11367,2.11396,1.00,1.00
2015.08.05 09:15:49.888,2.11368,2.11401,1.00,1.50
2015.08.05 09:15:50.194,2.11366,2.11396,1.00,1.00
2015.08.05 09:15:51.253,2.11362,2.11393,1.00,1.00
2015.08.05 09:15:51.586,2.11359,2.11391,1.00,1.00
2015.08.05 09:15:53.874,2.1136,2.11391,1.00,1.00
2015.08.05 09:15:54.647,2.11359,2.11391,1.00,1.00
2015.08.05 09:15:55.051,2.11356,2.11383,1.00,1.00
2015.08.05 09:15:55.102,2.11349,2.11381,1.00,1.00
2015.08.05 09:15:55.203,2.11348,2.11376,1.00,1.00
2015.08.05 09:15:55.304,2.11346,2.11376,1.00,1.00
2015.08.05 09:15:56.013,2.11349,2.11379,1.00,1.00
2015.08.05 09:15:56.518,2.11352,2.11379,1.00,1.00
2015.08.05 09:15:56.619,2.11354,2.11382,1.00,1.00
2015.08.05 09:15:56.721,2.11354,2.11386,1.50,1.00
2015.08.05 09:15:56.922,2.11366,2.11393,1.00,1.00
2015.08.05 09:15:56.972,2.11357,2.11387,1.50,1.00
2015.08.05 09:15:57.074,2.11359,2.11387,1.00,1.00
2015.08.05 09:15:57.226,2.11359,2.11391,1.00,1.00
2015.08.05 09:15:57.731,2.11358,2.11391,1.00,1.00
2015.08.05 09:15:59.046,2.11362,2.11391,1.00,1.00
2015.08.05 09:15:59.400,2.11364,2.11391,1.00,1.00
2015.08.05 09:15:59.501,2.11361,2.11391,1.00,1.00
2015.08.05 09:15:59.602,2.11358,2.11391,1.00,1.00
2015.08.05 09:16:00.070,2.11358,2.11385,1.00,1.00
2015.08.05 09:16:00.171,2.11358,2.11389,1.00,1.00
2015.08.05 09:16:00.690,2.11358,2.1139,1.00,1.00
2015.08.05 09:16:01.146,2.11358,2.11388,1.00,1.00
2015.08.05 09:16:01.755,2.11358,2.11387,1.00,1.00
2015.08.05 09:16:02.117,2.11358,2.1139,1.00,1.00
2015.08.05 09:16:02.581,2.11358,2.11387,1.00,1.00
2015.08.05 09:16:02.980,2.11353,2.11385,1.00,1.00
2015.08.05 09:16:03.031,2.11352,2.11382,1.00,1.00
2015.08.05 09:16:03.335,2.11348,2.11378,1.00,1.00
2015.08.05 09:16:03.638,2.11351,2.11381,1.00,1.00
2015.08.05 09:16:04.788,2.11353,2.11384,1.00,1.00
2015.08.05 09:16:04.889,2.11353,2.11386,1.00,1.00
2015.08.05 09:16:08.630,2.11353,2.11385,1.00,1.00
2015.08.05 09:16:09.276,2.11353,2.11384,1.00,1.00
2015.08.05 09:16:09.807,2.11353,2.11385,1.00,1.00
2015.08.05 09:16:10.410,2.11353,2.11386,1.00,1.50
2015.08.05 09:16:13.118,2.11353,2.11379,1.00,1.00
2015.08.05 09:16:13.286,2.1135,2.11379,1.00,1.00
2015.08.05 09:16:13.388,2.11346,2.11378,1.50,1.00
2015.08.05 09:16:13.490,2.11346,2.11373,1.00,1.00
2015.08.05 09:16:13.995,2.11346,2.11372,1.00,1.00
2015.08.05 09:16:14.248,2.11346,2.11378,1.00,1.50
2015.08.05 09:16:14.525,2.11349,2.11378,1.00,1.50
2015.08.05 09:16:14.576,2.11351,2.11381,1.00,1.00
2015.08.05 09:16:14.677,2.11351,2.11383,1.00,1.00
2015.08.05 09:16:14.829,2.11353,2.11386,1.00,1.50
2015.08.05 09:16:15.182,2.11357,2.11388,1.00,1.00
2015.08.05 09:16:15.991,2.11357,2.11385,1.00,1.00
2015.08.05 09:16:16.446,2.11357,2.11382,1.00,1.00
2015.08.05 09:16:16.547,2.11357,2.11384,1.00,1.00
2015.08.05 09:16:16.699,2.11353,2.11384,1.00,1.00
2015.08.05 09:16:16.901,2.11353,2.11386,1.00,1.00
2015.08.05 09:16:20.863,2.11353,2.11384,1.00,1.00
2015.08.05 09:16:21.166,2.11352,2.11382,1.00,1.00
2015.08.05 09:16:21.813,2.11352,2.11381,1.00,1.00
2015.08.05 09:16:21.914,2.11348,2.11381,1.00,1.50
2015.08.05 09:16:22.052,2.11344,2.11375,1.00,1.00
2015.08.05 09:16:22.357,2.11341,2.11372,1.00,1.00
2015.08.05 09:16:22.660,2.11341,2.11367,1.00,1.00
2015.08.05 09:16:22.812,2.11337,2.11367,1.00,1.00
2015.08.05 09:16:22.913,2.11337,2.11364,1.00,1.00
2015.08.05 09:16:23.282,2.11337,2.11368,1.00,1.00
2015.08.05 09:16:23.940,2.11332,2.11355,1.00,1.00
2015.08.05 09:16:24.041,2.11332,2.11359,1.00,1.00
2015.08.05 09:16:24.427,2.11326,2.11359,1.00,1.50
2015.08.05 09:16:24.629,2.11332,2.11361,1.00,1.00
2015.08.05 09:16:24.681,2.11332,2.11363,1.00,1.00
2015.08.05 09:16:24.833,2.11329,2.1136,1.00,1.00
2015.08.05 09:16:25.590,2.11329,2.11359,1.00,1.00
2015.08.05 09:16:26.354,2.11329,2.1136,1.00,1.00
2015.08.05 09:16:27.129,2.11331,2.11362,1.00,1.00
2015.08.05 09:16:28.665,2.11331,2.11361,1.00,1.00
2015.08.05 09:16:29.042,2.11339,2.11361,1.00,1.00
2015.08.05 09:16:29.093,2.11337,2.11368,1.00,1.00
2015.08.05 09:16:29.760,2.1134,2.1137,1.00,1.00
2015.08.05 09:16:30.169,2.11345,2.11376,1.00,1.50
2015.08.05 09:16:30.421,2.1134,2.11372,1.00,1.00
2015.08.05 09:16:30.725,2.1134,2.1137,1.00,1.00
2015.08.05 09:16:31.386,2.1134,2.11373,1.00,1.00
2015.08.05 09:16:31.588,2.11343,2.11374,1.00,1.00
2015.08.05 09:16:31.942,2.11341,2.11373,1.00,1.50
2015.08.05 09:16:32.043,2.11341,2.11371,1.00,1.00
2015.08.05 09:16:32.347,2.11331,2.11361,1.00,1.00
2015.08.05 09:16:32.685,2.11331,2.11359,1.00,1.00
2015.08.05 09:16:32.988,2.11331,2.11357,1.00,1.00
2015.08.05 09:16:33.190,2.1132,2.11348,1.00,1.00
2015.08.05 09:16:33.241,2.11317,2.11348,1.00,1.50
2015.08.05 09:16:33.291,2.1132,2.11345,1.00,1.00
2015.08.05 09:16:33.342,2.11307,2.11345,1.00,1.00
2015.08.05 09:16:33.472,2.11306,2.11341,1.00,1.00
2015.08.05 09:16:33.530,2.11301,2.11341,1.00,1.00
2015.08.05 09:16:33.580,2.11308,2.11337,1.00,1.00
2015.08.05 09:16:33.631,2.11301,2.11337,1.00,1.00
2015.08.05 09:16:33.682,2.11298,2.11337,1.00,1.00
2015.08.05 09:16:33.733,2.11296,2.11333,1.12,1.00
2015.08.05 09:16:34.036,2.11305,2.11333,1.00,1.00
2015.08.05 09:16:35.998,2.11304,2.1133,1.00,1.00
2015.08.05 09:16:36.686,2.11304,2.11332,1.00,1.00
2015.08.05 09:16:43.548,2.11304,2.11336,1.00,1.00
2015.08.05 09:16:44.924,2.1131,2.1134,1.00,1.00
2015.08.05 09:16:48.395,2.11313,2.1134,1.00,1.00
2015.08.05 09:16:48.597,2.11304,2.11336,1.00,1.50
2015.08.05 09:16:48.900,2.11304,2.11333,1.00,1.00
2015.08.05 09:16:49.210,2.11304,2.11336,1.00,1.50
2015.08.05 09:16:50.334,2.11304,2.11334,1.00,1.00
2015.08.05 09:16:50.839,2.11304,2.11333,1.00,1.00
2015.08.05 09:16:51.302,2.11304,2.11336,1.00,1.00
2015.08.05 09:16:51.504,2.11307,2.11339,1.00,1.50
2015.08.05 09:16:52.257,2.11312,2.11341,1.00,1.00
2015.08.05 09:16:52.775,2.11304,2.11337,1.00,1.00
2015.08.05 09:16:52.977,2.11304,2.11333,1.00,1.00
2015.08.05 09:16:53.846,2.11305,2.11332,1.00,1.50
2015.08.05 09:16:54.526,2.11309,2.11339,1.00,1.00
2015.08.05 09:16:54.577,2.11321,2.1134,1.00,1.00
2015.08.05 09:16:54.628,2.11321,2.11352,1.00,1.00
2015.08.05 09:16:55.731,2.11321,2.1135,1.00,1.00
2015.08.05 09:16:55.833,2.11321,2.11352,1.00,1.00
2015.08.05 09:16:57.365,2.11321,2.1135,1.00,1.00
2015.08.05 09:16:58.450,2.11322,2.11354,1.00,1.00
2015.08.05 09:16:58.501,2.11327,2.11354,1.00,1.00
2015.08.05 09:16:58.804,2.11324,2.11354,1.00,1.00
2015.08.05 09:16:58.855,2.11327,2.11354,1.00,1.00
2015.08.05 09:16:58.906,2.11327,2.11357,1.00,1.00
2015.08.05 09:16:59.158,2.11332,2.11358,1.00,1.00
2015.08.05 09:16:59.476,2.11335,2.11358,1.00,1.00
2015.08.05 09:17:01.627,2.11335,2.11359,1.00,1.00
2015.08.05 09:17:02.081,2.11335,2.11356,1.00,1.00
2015.08.05 09:17:02.624,2.11335,2.11358,1.00,1.00
2015.08.05 09:17:03.099,2.11335,2.1136,1.00,1.00
2015.08.05 09:17:03.841,2.11335,2.11358,1.00,1.00
2015.08.05 09:17:04.201,2.11335,2.11356,1.00,1.00
2015.08.05 09:17:04.858,2.11335,2.11361,1.00,1.00
2015.08.05 09:17:04.960,2.11331,2.11361,1.00,1.50
2015.08.05 09:17:05.221,2.11334,2.11361,1.00,1.00
2015.08.05 09:17:05.272,2.11338,2.11367,1.00,1.00
2015.08.05 09:17:05.777,2.11338,2.11366,1.00,1.00
2015.08.05 09:17:06.265,2.11342,2.11373,1.00,1.50
2015.08.05 09:17:06.367,2.11342,2.11371,1.00,1.00
2015.08.05 09:17:06.468,2.11344,2.11376,1.00,1.50
2015.08.05 09:17:06.670,2.11347,2.11376,1.00,1.00
2015.08.05 09:17:06.822,2.11347,2.11378,1.00,1.50
2015.08.05 09:17:06.925,2.11351,2.1138,1.00,1.00
2015.08.05 09:17:07.077,2.11348,2.1138,1.09,1.00
2015.08.05 09:17:07.614,2.11348,2.11381,1.09,1.50
2015.08.05 09:17:08.119,2.11348,2.11377,1.00,1.00
2015.08.05 09:17:08.271,2.11348,2.11379,1.00,1.00
2015.08.05 09:17:08.322,2.11346,2.11377,1.00,1.00
2015.08.05 09:17:08.827,2.11346,2.11376,1.00,1.00
2015.08.05 09:17:09.132,2.11346,2.11373,1.00,1.00
2015.08.05 09:17:09.874,2.11346,2.11376,1.00,1.00
2015.08.05 09:17:10.397,2.11346,2.11375,1.00,1.00
2015.08.05 09:17:10.904,2.11346,2.11372,1.00,1.00
2015.08.05 09:17:11.236,2.11346,2.11375,1.00,1.00
2015.08.05 09:17:11.455,2.11343,2.11374,1.00,1.00
2015.08.05 09:17:12.515,2.11343,2.11376,1.00,1.50
2015.08.05 09:17:14.297,2.11343,2.11375,1.00,1.00
2015.08.05 09:17:17.725,2.11343,2.11372,1.00,1.00
2015.08.05 09:17:17.827,2.11343,2.11376,1.00,1.00
2015.08.05 09:17:18.231,2.11341,2.11372,1.00,1.00
2015.08.05 09:17:18.651,2.11344,2.11372,1.00,1.00
2015.08.05 09:17:18.752,2.11354,2.11384,1.00,1.00
2015.08.05 09:17:18.904,2.11356,2.11388,1.00,1.00
2015.08.05 09:17:19.063,2.11361,2.11388,1.00,1.00
2015.08.05 09:17:19.265,2.11361,2.11391,1.00,1.00
2015.08.05 09:17:19.416,2.11362,2.11395,1.00,1.50
2015.08.05 09:17:20.446,2.1136,2.1139,1.00,1.00
2015.08.05 09:17:21.001,2.11363,2.11393,1.00,1.00
2015.08.05 09:17:22.301,2.11353,2.11384,1.00,1.00
2015.08.05 09:17:22.402,2.11353,2.1138,1.00,1.00
2015.08.05 09:17:22.453,2.11348,2.1138,1.00,1.00
2015.08.05 09:17:23.586,2.11348,2.11379,1.00,1.00
2015.08.05 09:17:24.096,2.11348,2.1138,1.00,1.00
2015.08.05 09:17:25.887,2.11348,2.11379,1.00,1.18
2015.08.05 09:17:26.257,2.11331,2.11355,1.00,1.00
2015.08.05 09:17:26.309,2.11322,2.11355,1.00,1.50
2015.08.05 09:17:26.411,2.11317,2.11355,1.00,1.50
2015.08.05 09:17:26.512,2.11313,2.11352,1.00,1.00
2015.08.05 09:17:26.563,2.11317,2.11347,1.00,1.00
