2015.08.05 12:00:00.799,2.12049,2.12078,1.00,1.00
2015.08.05 12:00:00.901,2.12055,2.12085,1.00,1.00
2015.08.05 12:00:01.002,2.1206,2.12091,1.00,1.00
2015.08.05 12:00:01.204,2.1206,2.12102,1.00,1.00
2015.08.05 12:00:01.371,2.12063,2.12108,1.00,1.50
2015.08.05 12:00:01.422,2.12073,2.12104,1.00,1.00
2015.08.05 12:00:01.725,2.12079,2.12109,1.00,1.00
2015.08.05 12:00:04.441,2.12085,2.12114,1.00,1.00
2015.08.05 12:00:04.491,2.12076,2.12109,1.00,1.00
2015.08.05 12:00:04.643,2.12075,2.12105,1.00,1.00
2015.08.05 12:00:05.006,2.12079,2.12105,1.00,1.00
2015.08.05 12:00:05.108,2.12087,2.12116,1.00,1.00
2015.08.05 12:00:05.210,2.12088,2.12118,1.00,1.00
2015.08.05 12:00:06.650,2.12084,2.12116,1.00,1.00
2015.08.05 12:00:06.701,2.12079,2.12111,1.00,1.00
2015.08.05 12:00:07.038,2.12068,2.12099,1.00,1.00
2015.08.05 12:00:07.190,2.12071,2.12103,1.00,1.00
2015.08.05 12:00:07.644,2.12077,2.12104,1.00,1.50
2015.08.05 12:00:07.796,2.12067,2.12097,1.00,1.00
2015.08.05 12:00:08.779,2.12063,2.12095,1.00,1.00
2015.08.05 12:00:10.351,2.12061,2.12091,1.00,1.00
2015.08.05 12:00:10.402,2.12055,2.12088,1.00,1.00
2015.08.05 12:00:10.911,2.1205,2.12082,1.00,1.00
2015.08.05 12:00:10.962,2.12046,2.12079,1.50,1.00
2015.08.05 12:00:11.315,2.12042,2.12074,1.00,1.00
2015.08.05 12:00:11.825,2.12041,2.12074,1.00,1.00
2015.08.05 12:00:12.174,2.12039,2.12071,1.00,1.00
2015.08.05 12:00:14.960,2.12047,2.12079,1.00,1.00
2015.08.05 12:00:15.263,2.12066,2.12095,1.00,1.00
2015.08.05 12:00:15.314,2.12066,2.12097,1.00,1.00
2015.08.05 12:00:15.862,2.12067,2.12098,1.00,1.00
2015.08.05 12:00:16.369,2.12068,2.12098,1.00,1.00
2015.08.05 12:00:16.420,2.12066,2.12098,1.50,1.00
2015.08.05 12:00:17.570,2.12073,2.12101,1.00,1.00
2015.08.05 12:00:17.621,2.12077,2.1211,1.00,1.00
2015.08.05 12:00:17.773,2.1208,2.12112,1.00,1.00
2015.08.05 12:00:19.729,2.12078,2.1211,1.00,1.00
2015.08.05 12:00:20.032,2.12067,2.12095,1.00,1.00
2015.08.05 12:00:20.285,2.12064,2.12094,1.00,1.00
2015.08.05 12:00:20.585,2.12068,2.12098,1.00,1.00
2015.08.05 12:00:21.342,2.12068,2.12093,1.00,1.00
2015.08.05 12:00:21.443,2.12053,2.1208,1.00,1.00
2015.08.05 12:00:21.494,2.12065,2.12096,1.00,1.50
2015.08.05 12:00:21.546,2.12062,2.12093,1.00,1.00
2015.08.05 12:00:21.856,2.12052,2.12082,1.50,1.00
2015.08.05 12:00:22.159,2.12054,2.12082,1.00,1.00
2015.08.05 12:00:22.210,2.12055,2.12085,1.00,1.00
2015.08.05 12:00:23.533,2.12057,2.1209,1.00,1.00
2015.08.05 12:00:23.786,2.12055,2.12087,1.00,1.00
2015.08.05 12:00:23.837,2.12046,2.12079,1.50,1.00
2015.08.05 12:00:23.989,2.12044,2.12077,1.00,1.00
2015.08.05 12:00:24.379,2.12043,2.12073,1.00,1.00
2015.08.05 12:00:24.531,2.12041,2.12072,1.00,1.00
2015.08.05 12:00:24.582,2.12039,2.12069,1.00,1.00
2015.08.05 12:00:24.886,2.12039,2.12065,1.00,1.00
2015.08.05 12:00:25.097,2.12038,2.12068,1.00,1.00
2015.08.05 12:00:25.417,2.12039,2.12072,1.00,1.00
2015.08.05 12:00:25.568,2.12044,2.12077,1.00,1.00
2015.08.05 12:00:25.873,2.1206,2.12088,1.00,1.00
2015.08.05 12:00:25.974,2.12054,2.12087,1.00,1.00
2015.08.05 12:00:26.373,2.12066,2.12088,1.00,1.00
2015.08.05 12:00:27.936,2.12062,2.12084,1.00,1.00
2015.08.05 12:00:27.986,2.12066,2.1209,1.00,1.00
2015.08.05 12:00:28.037,2.12056,2.12078,1.00,1.00
2015.08.05 12:00:28.088,2.12058,2.12082,1.00,1.00
2015.08.05 12:00:28.342,2.12066,2.1209,1.00,1.00
2015.08.05 12:00:28.494,2.12061,2.12086,1.00,1.00
2015.08.05 12:00:28.644,2.12068,2.1209,1.00,1.00
2015.08.05 12:00:28.964,2.12065,2.12087,1.00,1.00
2015.08.05 12:00:30.081,2.12062,2.12086,1.00,1.00
2015.08.05 12:00:30.751,2.12066,2.12088,1.00,1.00
2015.08.05 12:00:31.193,2.12053,2.12077,1.00,1.00
2015.08.05 12:00:31.396,2.12058,2.12083,1.00,1.00
2015.08.05 12:00:31.599,2.12062,2.12087,1.00,1.00
2015.08.05 12:00:31.902,2.12061,2.12084,1.00,1.00
2015.08.05 12:00:32.053,2.1207,2.12095,1.00,1.00
2015.08.05 12:00:36.943,2.12067,2.12092,1.00,1.00
2015.08.05 12:00:38.373,2.12062,2.12084,1.00,1.00
2015.08.05 12:00:38.423,2.12057,2.12081,1.00,1.00
2015.08.05 12:00:38.676,2.12052,2.12077,1.00,1.00
2015.08.05 12:00:38.727,2.12054,2.12077,1.00,1.00
2015.08.05 12:00:38.995,2.1206,2.12084,1.00,1.00
2015.08.05 12:00:39.097,2.12057,2.12082,1.00,1.00
2015.08.05 12:00:39.147,2.1206,2.12085,1.00,1.00
2015.08.05 12:00:39.451,2.12054,2.12079,1.00,1.00
2015.08.05 12:00:40.067,2.12061,2.12085,1.00,1.00
2015.08.05 12:00:48.284,2.12058,2.12082,1.34,1.00
2015.08.05 12:00:48.537,2.12063,2.12087,1.00,1.00
2015.08.05 12:00:48.688,2.12063,2.12083,1.00,1.00
2015.08.05 12:00:48.941,2.12066,2.12091,1.00,1.00
2015.08.05 12:00:49.360,2.1207,2.12094,1.00,1.00
2015.08.05 12:00:49.681,2.12046,2.12058,1.00,1.00
2015.08.05 12:00:49.732,2.12029,2.12058,1.50,1.00
2015.08.05 12:00:49.833,2.12038,2.12058,1.00,1.00
2015.08.05 12:00:50.144,2.12038,2.12054,1.00,1.00
2015.08.05 12:00:50.650,2.12038,2.12053,1.00,1.00
2015.08.05 12:00:51.410,2.12038,2.12058,1.00,1.00
2015.08.05 12:00:51.869,2.12038,2.12062,1.00,1.00
2015.08.05 12:00:52.035,2.12041,2.12064,1.00,1.50
2015.08.05 12:00:52.649,2.12041,2.12063,1.00,1.00
2015.08.05 12:00:53.853,2.12041,2.12064,1.00,1.50
2015.08.05 12:00:54.260,2.12041,2.12059,1.00,1.00
2015.08.05 12:00:54.361,2.12041,2.12063,1.00,1.00
2015.08.05 12:00:55.018,2.12041,2.12064,1.00,1.50
2015.08.05 12:00:55.587,2.12041,2.12063,1.00,1.00
2015.08.05 12:00:56.248,2.12041,2.12059,1.00,1.00
2015.08.05 12:00:57.152,2.12041,2.12064,1.00,1.50
2015.08.05 12:00:57.913,2.12041,2.12058,1.00,1.00
2015.08.05 12:00:58.014,2.12041,2.12064,1.00,1.50
2015.08.05 12:00:58.166,2.12044,2.12064,1.00,1.00
2015.08.05 12:00:58.368,2.12044,2.12068,1.00,1.00
2015.08.05 12:00:58.469,2.12047,2.12069,1.00,1.50
2015.08.05 12:00:59.019,2.12047,2.12068,1.00,1.00
2015.08.05 12:01:00.316,2.12047,2.12064,1.00,1.00
2015.08.05 12:01:00.822,2.12047,2.12063,1.00,1.00
2015.08.05 12:01:01.094,2.12041,2.12063,1.00,1.00
2015.08.05 12:01:01.489,2.12048,2.12064,1.00,1.00
2015.08.05 12:01:01.641,2.12048,2.12069,1.00,1.00
2015.08.05 12:01:01.844,2.12045,2.12069,1.00,1.50
2015.08.05 12:01:02.096,2.12045,2.12064,1.00,1.00
2015.08.05 12:01:02.299,2.12045,2.12068,1.00,1.00
2015.08.05 12:01:05.408,2.12048,2.12068,1.00,1.00
2015.08.05 12:01:05.711,2.1205,2.12068,1.00,1.00
2015.08.05 12:01:07.338,2.1205,2.12073,1.00,1.50
2015.08.05 12:01:08.329,2.1205,2.12068,1.00,1.00
2015.08.05 12:01:08.582,2.12058,2.12079,1.00,1.00
2015.08.05 12:01:08.633,2.12054,2.12079,1.00,1.50
2015.08.05 12:01:12.179,2.12054,2.12078,1.00,1.00
2015.08.05 12:01:12.701,2.12055,2.12078,1.00,1.00
2015.08.05 12:01:13.252,2.12055,2.12079,1.00,1.50
2015.08.05 12:01:13.760,2.12055,2.12078,1.00,1.00
2015.08.05 12:01:14.280,2.12054,2.12079,1.50,1.50
2015.08.05 12:01:14.960,2.12054,2.12078,1.50,1.00
2015.08.05 12:01:16.264,2.12054,2.12073,1.50,1.00
2015.08.05 12:01:16.592,2.12054,2.12068,1.00,1.00
2015.08.05 12:01:16.845,2.12054,2.12079,1.00,1.00
2015.08.05 12:01:17.232,2.12059,2.12084,1.00,1.00
2015.08.05 12:01:17.576,2.12058,2.1208,1.00,1.00
2015.08.05 12:01:18.134,2.12058,2.12068,1.00,1.00
2015.08.05 12:01:18.387,2.12058,2.12079,1.00,1.00
2015.08.05 12:01:18.438,2.12053,2.12077,1.00,1.00
2015.08.05 12:01:18.551,2.12053,2.12075,1.00,1.00
2015.08.05 12:01:18.653,2.12036,2.12061,1.00,1.00
2015.08.05 12:01:18.704,2.12034,2.12058,1.00,1.00
2015.08.05 12:01:19.059,2.12031,2.12056,1.00,1.00
2015.08.05 12:01:19.111,2.12028,2.12052,1.00,1.00
2015.08.05 12:01:19.162,2.12019,2.12059,1.00,1.00
2015.08.05 12:01:19.213,2.12027,2.12051,1.00,1.00
2015.08.05 12:01:25.246,2.12025,2.12047,1.00,1.00
2015.08.05 12:01:32.656,2.12019,2.12043,1.00,1.00
2015.08.05 12:01:32.757,2.12022,2.12046,1.00,1.00
2015.08.05 12:01:33.092,2.12019,2.12044,1.00,1.00
2015.08.05 12:01:33.193,2.12023,2.12045,1.00,1.00
2015.08.05 12:01:33.396,2.12018,2.12043,1.00,1.00
2015.08.05 12:01:33.497,2.12022,2.12044,1.00,1.00
2015.08.05 12:01:42.190,2.12023,2.12047,1.00,1.00
2015.08.05 12:01:44.756,2.12021,2.12044,1.00,1.00
2015.08.05 12:01:45.097,2.12024,2.12046,1.00,1.00
2015.08.05 12:01:47.490,2.12026,2.12051,1.00,1.00
2015.08.05 12:01:47.541,2.12031,2.12055,1.00,1.00
2015.08.05 12:01:47.987,2.12038,2.1206,1.00,1.00
2015.08.05 12:01:48.240,2.1204,2.12063,1.00,1.00
2015.08.05 12:01:48.856,2.12043,2.12066,1.00,1.00
2015.08.05 12:01:51.907,2.12038,2.1206,1.00,1.00
2015.08.05 12:01:52.009,2.12031,2.12056,1.00,1.00
2015.08.05 12:01:52.416,2.12034,2.12056,1.00,1.00
2015.08.05 12:01:52.467,2.12042,2.12065,1.00,1.00
2015.08.05 12:01:52.518,2.12039,2.12062,1.00,1.00
2015.08.05 12:01:52.837,2.12045,2.12068,1.00,1.00
2015.08.05 12:01:53.296,2.12041,2.12063,1.00,1.00
2015.08.05 12:01:53.347,2.12032,2.12056,1.00,1.00
2015.08.05 12:01:53.651,2.12038,2.1206,1.00,1.00
2015.08.05 12:01:53.815,2.12033,2.12057,1.00,1.00
2015.08.05 12:01:57.371,2.12042,2.12064,1.00,1.00
2015.08.05 12:02:00.180,2.12047,2.12069,1.00,1.00
2015.08.05 12:02:03.683,2.12052,2.12075,1.00,1.00
2015.08.05 12:02:03.733,2.12056,2.12079,1.00,1.00
2015.08.05 12:02:04.030,2.12052,2.12077,1.00,1.00
2015.08.05 12:02:04.081,2.12049,2.12072,1.00,1.00
2015.08.05 12:02:04.284,2.12055,2.12079,1.00,1.00
2015.08.05 12:02:04.588,2.12049,2.12073,1.00,1.00
2015.08.05 12:02:04.981,2.12045,2.12069,1.00,1.00
2015.08.05 12:02:05.286,2.12039,2.12062,1.00,1.00
2015.08.05 12:02:08.836,2.12041,2.12064,1.00,1.00
2015.08.05 12:02:12.684,2.12051,2.12073,1.00,1.00
2015.08.05 12:02:13.140,2.12046,2.1207,1.00,1.00
2015.08.05 12:02:13.242,2.12043,2.12067,1.00,1.00
2015.08.05 12:02:13.293,2.12037,2.12062,1.00,1.00
2015.08.05 12:02:13.343,2.12034,2.12057,1.00,1.00
2015.08.05 12:02:13.697,2.12028,2.12053,1.00,1.00
2015.08.05 12:02:13.939,2.12032,2.12054,1.00,1.00
2015.08.05 12:02:14.243,2.12028,2.1205,1.00,1.00
2015.08.05 12:02:15.849,2.12031,2.12053,1.00,1.00
2015.08.05 12:02:19.983,2.12026,2.12043,1.00,1.00
2015.08.05 12:02:20.034,2.1202,2.12043,1.00,1.00
2015.08.05 12:02:20.085,2.12019,2.1204,1.00,1.00
2015.08.05 12:02:20.136,2.12012,2.12036,1.00,1.00
2015.08.05 12:02:20.187,2.12011,2.12033,1.00,1.00
2015.08.05 12:02:20.490,2.12005,2.1203,1.00,1.00
2015.08.05 12:02:21.118,2.12006,2.1203,1.00,1.00
2015.08.05 12:02:21.328,2.12009,2.12031,1.00,1.00
2015.08.05 12:02:22.048,2.12013,2.12035,1.00,1.00
2015.08.05 12:02:22.200,2.12009,2.12034,1.50,1.00
2015.08.05 12:02:23.120,2.1201,2.12034,1.00,1.00
2015.08.05 12:02:23.222,2.12013,2.12036,1.00,1.00
2015.08.05 12:02:23.526,2.12017,2.12039,1.00,1.00
2015.08.05 12:02:23.729,2.1202,2.12044,1.00,1.00
2015.08.05 12:02:25.998,2.12018,2.12041,1.00,1.00
2015.08.05 12:02:27.192,2.12015,2.12034,1.00,1.00
2015.08.05 12:02:27.243,2.12008,2.1203,1.00,1.00
2015.08.05 12:02:27.496,2.12004,2.12035,1.00,1.00
2015.08.05 12:02:28.064,2.12009,2.12041,1.00,1.00
2015.08.05 12:02:28.684,2.12006,2.12039,1.00,1.00
2015.08.05 12:02:28.836,2.12012,2.12042,1.00,1.00
2015.08.05 12:02:30.660,2.12013,2.12042,1.00,1.00
2015.08.05 12:02:30.975,2.12016,2.12042,1.00,1.00
2015.08.05 12:02:31.177,2.12016,2.12045,1.00,1.00
2015.08.05 12:02:32.431,2.1202,2.12044,1.00,1.00
2015.08.05 12:02:34.074,2.12024,2.12047,1.00,1.00
2015.08.05 12:02:34.419,2.12027,2.12049,1.00,1.00
2015.08.05 12:02:35.228,2.12023,2.12048,1.00,1.00
2015.08.05 12:02:39.137,2.1203,2.12052,1.00,1.00
2015.08.05 12:02:39.239,2.12026,2.12051,1.00,1.00
2015.08.05 12:02:39.340,2.12029,2.12051,1.00,1.00
2015.08.05 12:02:39.593,2.12026,2.12051,1.00,1.00
2015.08.05 12:02:39.694,2.1203,2.12052,1.00,1.00
2015.08.05 12:02:39.997,2.12023,2.12047,1.00,1.00
2015.08.05 12:02:40.111,2.12022,2.12043,1.00,1.00
2015.08.05 12:02:40.212,2.12016,2.1204,2.25,1.00
2015.08.05 12:02:40.772,2.12013,2.12038,1.00,1.00
2015.08.05 12:02:44.134,2.12017,2.12041,1.00,1.00
2015.08.05 12:02:44.439,2.11999,2.12022,1.50,1.00
2015.08.05 12:02:44.743,2.11997,2.12018,1.00,1.00
2015.08.05 12:02:44.794,2.11997,2.12021,1.50,1.00
2015.08.05 12:02:44.946,2.12002,2.12025,1.00,1.00
2015.08.05 12:02:45.762,2.11997,2.12021,1.00,1.00
2015.08.05 12:02:46.065,2.12003,2.12026,1.00,1.00
2015.08.05 12:02:46.887,2.12,2.12022,1.00,1.00
2015.08.05 12:02:47.752,2.12006,2.12031,1.00,1.00
2015.08.05 12:02:48.328,2.12004,2.12028,1.00,1.00
2015.08.05 12:02:48.712,2.12007,2.1203,1.00,1.00
2015.08.05 12:02:48.764,2.12009,2.12034,1.00,1.00
2015.08.05 12:02:51.426,2.12013,2.12035,1.34,1.00
2015.08.05 12:02:51.528,2.12015,2.12039,1.09,1.00
2015.08.05 12:02:51.579,2.12017,2.12039,1.00,1.00
2015.08.05 12:02:51.731,2.12028,2.12052,1.00,1.00
2015.08.05 12:02:52.389,2.12031,2.12054,1.00,1.00
2015.08.05 12:02:52.814,2.12035,2.12057,1.00,1.00
2015.08.05 12:02:54.893,2.12038,2.12058,1.00,1.00
2015.08.05 12:02:55.044,2.12035,2.12058,1.00,1.00
2015.08.05 12:02:55.096,2.12037,2.12058,1.00,1.00
2015.08.05 12:02:55.351,2.12037,2.12061,1.00,1.00
2015.08.05 12:02:55.403,2.12035,2.12059,1.00,1.00
2015.08.05 12:02:57.678,2.12032,2.12057,1.00,1.00
2015.08.05 12:02:58.146,2.12038,2.12061,1.00,1.00
2015.08.05 12:02:58.247,2.12041,2.12065,1.00,1.00
2015.08.05 12:02:58.348,2.12046,2.12068,1.00,1.00
2015.08.05 12:02:58.450,2.12048,2.12072,1.00,1.00
2015.08.05 12:03:00.189,2.12045,2.12075,1.00,1.00
2015.08.05 12:03:00.568,2.12039,2.12072,1.00,1.00
2015.08.05 12:03:00.619,2.12037,2.12068,1.00,1.00
2015.08.05 12:03:00.822,2.12034,2.12066,1.00,1.00
2015.08.05 12:03:01.072,2.12031,2.12062,1.00,1.00
2015.08.05 12:03:01.123,2.12029,2.12062,1.00,1.00
2015.08.05 12:03:01.933,2.12033,2.12058,1.00,1.00
2015.08.05 12:03:02.245,2.1203,2.12054,1.00,1.00
2015.08.05 12:03:02.548,2.12035,2.12057,1.00,1.00
2015.08.05 12:03:02.928,2.1203,2.12053,1.00,1.00
2015.08.05 12:03:03.179,2.12022,2.12046,1.00,1.00
2015.08.05 12:03:03.280,2.12019,2.12044,1.00,1.00
2015.08.05 12:03:03.331,2.12027,2.12049,1.00,1.00
2015.08.05 12:03:03.432,2.12019,2.12043,1.00,1.00
2015.08.05 12:03:03.534,2.12015,2.1204,1.00,1.00
2015.08.05 12:03:04.447,2.12018,2.12043,1.00,1.00
2015.08.05 12:03:04.951,2.12025,2.1205,1.00,1.00
2015.08.05 12:03:05.671,2.12029,2.12054,1.00,1.00
2015.08.05 12:03:05.991,2.12032,2.12056,1.00,1.00
2015.08.05 12:03:09.716,2.12021,2.12046,1.00,1.00
2015.08.05 12:03:12.395,2.12017,2.1204,1.00,1.00
2015.08.05 12:03:12.597,2.12025,2.1205,1.00,1.00
2015.08.05 12:03:12.648,2.1203,2.12054,1.00,1.00
2015.08.05 12:03:13.229,2.12032,2.12056,1.00,1.00
2015.08.05 12:03:13.641,2.12029,2.12054,1.00,1.00
2015.08.05 12:03:13.843,2.12025,2.1205,1.00,1.00
2015.08.05 12:03:14.147,2.12025,2.12048,1.00,1.00
2015.08.05 12:03:14.388,2.12015,2.12039,1.00,1.00
2015.08.05 12:03:14.439,2.12012,2.12036,1.00,1.00
2015.08.05 12:03:14.490,2.12016,2.12041,1.00,1.00
2015.08.05 12:03:14.996,2.12027,2.1205,1.00,1.00
2015.08.05 12:03:15.299,2.12025,2.12048,1.00,1.00
2015.08.05 12:03:15.649,2.12033,2.12056,1.00,1.00
2015.08.05 12:03:16.003,2.12028,2.12052,1.00,1.00
2015.08.05 12:03:16.709,2.12035,2.12057,1.00,1.00
2015.08.05 12:03:16.865,2.12031,2.12056,1.00,1.00
2015.08.05 12:03:16.915,2.12034,2.12058,1.00,1.00
2015.08.05 12:03:17.256,2.12032,2.12055,1.00,1.00
2015.08.05 12:03:17.858,2.12035,2.12059,1.00,1.00
2015.08.05 12:03:18.179,2.12033,2.12058,1.00,1.00
2015.08.05 12:03:18.230,2.12039,2.12062,1.00,1.00
2015.08.05 12:03:18.534,2.12037,2.12062,1.00,1.00
2015.08.05 12:03:18.585,2.12041,2.12063,1.00,1.00
2015.08.05 12:03:18.787,2.12052,2.12076,1.00,1.00
2015.08.05 12:03:18.987,2.1204,2.12063,1.00,1.00
2015.08.05 12:03:19.292,2.12051,2.12086,1.00,1.00
2015.08.05 12:03:19.394,2.12051,2.12093,1.50,1.50
2015.08.05 12:03:19.445,2.12056,2.12093,1.00,1.00
2015.08.05 12:03:19.597,2.12058,2.12098,1.00,1.00
2015.08.05 12:03:19.719,2.12064,2.12089,1.00,1.00
2015.08.05 12:03:20.123,2.12071,2.12095,1.00,1.00
2015.08.05 12:03:20.378,2.12067,2.12092,1.00,1.00
2015.08.05 12:03:20.479,2.12064,2.12095,1.00,1.00
2015.08.05 12:03:21.464,2.12064,2.12094,1.00,1.00
2015.08.05 12:03:21.515,2.12057,2.12087,1.00,1.00
2015.08.05 12:03:21.616,2.12049,2.12082,1.00,1.00
2015.08.05 12:03:21.667,2.12045,2.12076,1.00,1.00
2015.08.05 12:03:21.939,2.12047,2.12079,1.00,1.00
2015.08.05 12:03:23.312,2.12044,2.12075,1.00,1.00
2015.08.05 12:03:23.615,2.12037,2.12065,1.00,1.00
2015.08.05 12:03:23.716,2.12034,2.12064,1.00,1.00
2015.08.05 12:03:23.818,2.12028,2.12058,1.00,1.00
2015.08.05 12:03:23.869,2.12021,2.1206,1.00,1.00
2015.08.05 12:03:24.013,2.12014,2.12046,1.00,1.00
2015.08.05 12:03:24.064,2.12011,2.12046,1.00,1.00
2015.08.05 12:03:24.216,2.12006,2.12046,1.00,1.00
2015.08.05 12:03:24.367,2.12018,2.12046,1.00,1.00
2015.08.05 12:03:24.469,2.12016,2.12046,1.50,1.00
2015.08.05 12:03:24.771,2.1202,2.12046,1.00,1.00
2015.08.05 12:03:25.096,2.12024,2.12046,1.00,1.00
2015.08.05 12:03:25.197,2.12022,2.12047,1.00,1.00
2015.08.05 12:03:25.248,2.12022,2.12053,1.00,1.50
2015.08.05 12:03:25.349,2.12023,2.1205,1.00,1.00
2015.08.05 12:03:25.653,2.1202,2.1205,1.00,1.00
2015.08.05 12:03:25.804,2.1202,2.12048,1.00,1.00
2015.08.05 12:03:25.998,2.12002,2.12031,1.00,1.00
2015.08.05 12:03:26.100,2.12,2.12031,1.00,1.00
2015.08.05 12:03:26.151,2.12,2.12029,1.00,1.00
2015.08.05 12:03:26.203,2.11994,2.12031,1.00,1.00
2015.08.05 12:03:26.406,2.11994,2.12022,1.00,1.00
2015.08.05 12:03:26.759,2.11987,2.12022,1.00,1.00
2015.08.05 12:03:27.029,2.11987,2.12014,1.00,1.00
2015.08.05 12:03:27.333,2.1199,2.12014,1.00,1.00
2015.08.05 12:03:27.963,2.11987,2.12014,1.00,1.00
2015.08.05 12:03:30.962,2.11987,2.12012,1.00,1.00
2015.08.05 12:03:31.064,2.1198,2.12012,1.00,1.00
2015.08.05 12:03:31.165,2.11976,2.12007,1.00,1.00
2015.08.05 12:03:31.266,2.11969,2.12002,1.00,1.00
2015.08.05 12:03:31.317,2.11966,2.11999,1.00,1.00
2015.08.05 12:03:31.652,2.11959,2.11992,1.00,1.00
2015.08.05 12:03:31.955,2.11962,2.11994,1.00,1.00
2015.08.05 12:03:36.060,2.11959,2.11991,1.00,1.00
2015.08.05 12:03:36.363,2.11959,2.11989,1.00,1.00
2015.08.05 12:03:36.666,2.11956,2.11985,1.00,1.00
2015.08.05 12:03:36.969,2.11959,2.11985,1.00,1.00
2015.08.05 12:03:37.507,2.1196,2.11985,1.00,1.00
2015.08.05 12:03:37.770,2.11957,2.11985,1.00,1.00
2015.08.05 12:03:38.846,2.11963,2.11985,1.00,1.00
2015.08.05 12:03:38.897,2.11964,2.11988,1.00,1.00
2015.08.05 12:03:38.998,2.11979,2.11996,1.00,1.00
2015.08.05 12:03:39.049,2.11978,2.11999,1.00,1.00
2015.08.05 12:03:39.150,2.11978,2.12014,1.00,1.00
2015.08.05 12:03:39.251,2.11983,2.12013,1.00,1.00
2015.08.05 12:03:39.527,2.11979,2.1201,1.00,1.00
2015.08.05 12:03:39.730,2.1198,2.12012,1.00,1.00
2015.08.05 12:03:41.224,2.11977,2.12007,1.00,1.00
2015.08.05 12:03:41.528,2.11959,2.11991,3.37,1.00
2015.08.05 12:03:41.968,2.11962,2.11994,1.00,1.00
2015.08.05 12:03:42.950,2.1196,2.11986,1.00,1.00
2015.08.05 12:03:43.052,2.11964,2.11996,1.00,1.42
2015.08.05 12:03:43.104,2.11964,2.11994,1.00,1.00
2015.08.05 12:03:43.357,2.11955,2.11988,1.50,1.00
2015.08.05 12:03:43.410,2.11962,2.11991,1.00,1.00
2015.08.05 12:03:43.461,2.11962,2.11994,1.00,1.50
2015.08.05 12:03:43.612,2.11957,2.11987,1.00,1.00
2015.08.05 12:03:43.755,2.11954,2.11985,1.00,1.00
2015.08.05 12:03:45.106,2.11951,2.11983,1.50,1.00
2015.08.05 12:03:45.258,2.11961,2.11988,1.00,1.00
2015.08.05 12:03:45.309,2.11961,2.11991,1.00,1.50
2015.08.05 12:03:45.360,2.11963,2.11991,1.00,1.00
2015.08.05 12:03:45.412,2.11963,2.11993,1.00,1.00
2015.08.05 12:03:45.614,2.11963,2.11989,1.00,1.00
2015.08.05 12:03:45.867,2.11963,2.11993,1.00,1.00
2015.08.05 12:03:46.237,2.11972,2.11998,1.00,1.50
2015.08.05 12:03:46.641,2.11972,2.12003,1.00,1.00
2015.08.05 12:03:46.692,2.11969,2.11999,1.00,1.00
2015.08.05 12:03:47.248,2.11963,2.11993,1.00,1.00
2015.08.05 12:03:47.299,2.1196,2.11991,1.00,1.00
2015.08.05 12:03:47.350,2.11959,2.11989,1.00,1.00
2015.08.05 12:03:47.673,2.11961,2.11992,1.00,1.00
2015.08.05 12:03:48.482,2.11955,2.11986,1.50,1.00
2015.08.05 12:03:54.397,2.11957,2.11986,1.00,1.00
2015.08.05 12:03:54.498,2.11955,2.11986,1.00,1.00
2015.08.05 12:03:54.700,2.11952,2.11982,1.34,1.00
2015.08.05 12:03:54.801,2.11952,2.11982,1.00,1.00
2015.08.05 12:03:55.728,2.11954,2.11982,1.00,1.00
2015.08.05 12:03:55.829,2.11957,2.11987,1.00,1.50
2015.08.05 12:03:58.697,2.1196,2.11987,1.00,1.00
2015.08.05 12:03:58.950,2.11962,2.11994,1.00,1.00
2015.08.05 12:03:59.152,2.11963,2.11992,1.00,1.00
2015.08.05 12:03:59.660,2.11962,2.11992,1.00,1.00
2015.08.05 12:04:00.557,2.11963,2.11992,1.00,1.00
2015.08.05 12:04:00.954,2.11966,2.11994,1.00,1.00
2015.08.05 12:04:01.207,2.11966,2.11996,1.00,1.00
2015.08.05 12:04:01.904,2.11968,2.11996,1.00,1.00
2015.08.05 12:04:01.955,2.11968,2.12001,1.50,1.00
2015.08.05 12:04:02.006,2.11977,2.12003,1.00,1.00
2015.08.05 12:04:02.107,2.11978,2.12009,1.00,1.50
2015.08.05 12:04:02.220,2.11981,2.12009,1.00,1.50
2015.08.05 12:04:02.423,2.11979,2.12009,1.00,2.25
2015.08.05 12:04:02.575,2.11981,2.12008,1.00,1.00
2015.08.05 12:04:02.626,2.11977,2.12008,1.00,1.50
2015.08.05 12:04:02.727,2.11971,2.12004,1.00,1.00
2015.08.05 12:04:02.778,2.11971,2.12001,1.00,1.00
2015.08.05 12:04:03.082,2.11969,2.11998,1.00,1.00
2015.08.05 12:04:03.234,2.11978,2.1201,1.00,1.00
2015.08.05 12:04:03.285,2.11985,2.12011,1.00,1.00
2015.08.05 12:04:03.336,2.11977,2.1201,1.00,1.00
2015.08.05 12:04:03.907,2.11974,2.12006,1.00,1.00
2015.08.05 12:04:04.210,2.1197,2.12002,1.00,1.00
2015.08.05 12:04:04.514,2.11965,2.11996,1.50,1.00
2015.08.05 12:04:04.852,2.11981,2.12012,1.00,1.00
2015.08.05 12:04:05.155,2.11977,2.12009,1.00,1.00
2015.08.05 12:04:05.257,2.1198,2.12013,1.00,1.00
2015.08.05 12:04:05.409,2.11983,2.12015,1.00,1.00
2015.08.05 12:04:09.573,2.11992,2.12025,1.00,1.50
2015.08.05 12:04:09.725,2.11999,2.12025,1.00,1.00
2015.08.05 12:04:09.876,2.11994,2.12025,1.00,1.00
2015.08.05 12:04:10.028,2.1199,2.12023,1.00,1.00
2015.08.05 12:04:10.891,2.11993,2.12025,1.00,1.00
2015.08.05 12:04:12.174,2.11998,2.12028,1.00,1.50
2015.08.05 12:04:12.681,2.11992,2.12024,1.00,1.00
2015.08.05 12:04:12.782,2.11998,2.12028,1.00,1.00
2015.08.05 12:04:15.497,2.11999,2.12031,1.00,1.00
2015.08.05 12:04:15.547,2.12004,2.12035,1.00,1.00
2015.08.05 12:04:15.869,2.12013,2.12044,1.00,1.00
2015.08.05 12:04:16.173,2.12019,2.12046,1.00,1.00
2015.08.05 12:04:16.476,2.12016,2.12046,1.00,1.00
2015.08.05 12:04:17.359,2.12014,2.12044,1.00,1.00
2015.08.05 12:04:20.672,2.12014,2.12042,1.00,1.00
2015.08.05 12:04:20.824,2.12012,2.12042,1.00,1.00
2015.08.05 12:04:21.531,2.12015,2.12046,1.00,1.00
2015.08.05 12:04:22.241,2.12011,2.12044,1.50,1.00
2015.08.05 12:04:22.695,2.12014,2.12047,1.00,1.00
2015.08.05 12:04:23.015,2.12019,2.12049,1.00,1.00
2015.08.05 12:04:23.451,2.12023,2.12053,1.00,1.00
2015.08.05 12:04:24.714,2.12025,2.12053,1.00,1.00
2015.08.05 12:04:24.765,2.12025,2.12056,1.00,1.00
2015.08.05 12:04:24.917,2.12029,2.12061,1.00,1.50
2015.08.05 12:04:24.967,2.12032,2.12061,1.00,1.00
2015.08.05 12:04:25.068,2.12034,2.12064,1.00,1.00
2015.08.05 12:04:25.451,2.12039,2.12069,1.00,1.00
2015.08.05 12:04:25.603,2.12041,2.12073,1.00,2.25
2015.08.05 12:04:25.653,2.12039,2.12069,1.00,1.00
2015.08.05 12:04:25.704,2.12033,2.12066,1.50,1.00
2015.08.05 12:04:25.755,2.12037,2.12066,1.00,1.00
2015.08.05 12:04:26.514,2.12034,2.12066,1.00,1.00
2015.08.05 12:04:27.029,2.12033,2.12066,1.00,1.00
2015.08.05 12:04:27.736,2.12034,2.12066,1.00,1.00
2015.08.05 12:04:27.787,2.12039,2.12069,1.00,1.00
2015.08.05 12:04:27.937,2.12041,2.12073,1.00,2.25
2015.08.05 12:04:28.089,2.12038,2.12067,1.00,1.00
2015.08.05 12:04:28.595,2.12037,2.12067,1.00,1.00
2015.08.05 12:04:30.206,2.12047,2.12077,1.00,1.00
2015.08.05 12:04:30.459,2.1205,2.12083,1.00,1.00
2015.08.05 12:04:30.561,2.12054,2.12087,1.00,1.00
2015.08.05 12:04:31.510,2.12054,2.12083,1.00,1.00
2015.08.05 12:04:31.763,2.12051,2.12082,1.00,1.50
2015.08.05 12:04:33.335,2.12048,2.12076,1.00,1.00
2015.08.05 12:04:33.437,2.12036,2.12069,1.00,1.00
2015.08.05 12:04:34.304,2.12033,2.12058,1.00,1.00
2015.08.05 12:04:34.357,2.12043,2.12071,1.00,1.00
2015.08.05 12:04:34.559,2.12041,2.1207,1.00,1.00
2015.08.05 12:04:34.660,2.12041,2.12072,1.00,1.00
2015.08.05 12:04:34.761,2.12044,2.12076,1.00,1.00
2015.08.05 12:04:35.215,2.12048,2.12079,1.00,1.00
2015.08.05 12:04:35.654,2.12039,2.12066,1.37,1.00
2015.08.05 12:04:35.755,2.12042,2.12072,1.50,1.00
2015.08.05 12:04:35.857,2.12045,2.12077,1.00,1.00
2015.08.05 12:04:35.959,2.12038,2.12069,1.00,1.00
2015.08.05 12:04:36.262,2.12044,2.12071,1.00,1.00
2015.08.05 12:04:36.313,2.12041,2.12071,1.00,1.00
2015.08.05 12:04:36.477,2.12043,2.12071,1.00,1.00
2015.08.05 12:04:36.679,2.12042,2.12073,1.00,1.00
2015.08.05 12:04:36.935,2.12039,2.12071,1.00,1.00
2015.08.05 12:04:37.036,2.12041,2.12074,1.00,1.00
2015.08.05 12:04:37.698,2.12048,2.12081,1.00,1.50
2015.08.05 12:04:38.001,2.12045,2.12078,1.00,1.00
2015.08.05 12:04:38.305,2.12049,2.1208,1.00,1.00
2015.08.05 12:04:39.158,2.12055,2.12082,1.00,1.00
2015.08.05 12:04:39.259,2.12041,2.12072,1.00,1.00
2015.08.05 12:04:39.361,2.12041,2.12064,1.00,1.00
2015.08.05 12:04:39.412,2.12036,2.12064,1.00,1.00
2015.08.05 12:04:39.463,2.12038,2.12069,1.00,1.00
2015.08.05 12:04:39.615,2.12034,2.12064,1.00,1.00
2015.08.05 12:04:39.716,2.12036,2.12067,1.00,1.00
2015.08.05 12:04:40.212,2.12039,2.12067,1.00,1.00
2015.08.05 12:04:40.263,2.12045,2.12074,1.00,1.00
2015.08.05 12:04:40.364,2.12045,2.12077,1.00,1.00
2015.08.05 12:04:41.415,2.12043,2.12073,1.00,1.00
2015.08.05 12:04:41.567,2.1204,2.12073,1.00,1.00
2015.08.05 12:04:41.719,2.12038,2.12069,1.00,1.00
2015.08.05 12:04:42.326,2.12041,2.1207,1.00,1.50
2015.08.05 12:04:43.916,2.12041,2.12069,1.00,1.00
2015.08.05 12:04:44.017,2.12053,2.12084,1.00,2.25
2015.08.05 12:04:44.118,2.12049,2.1208,1.00,1.00
2015.08.05 12:04:44.219,2.12043,2.12076,1.00,1.00
2015.08.05 12:04:44.349,2.12046,2.12077,1.00,1.00
2015.08.05 12:04:44.552,2.12044,2.12076,1.00,1.00
2015.08.05 12:04:45.433,2.1204,2.12072,1.00,1.00
2015.08.05 12:04:46.236,2.12041,2.12072,1.00,1.00
2015.08.05 12:04:46.538,2.12046,2.12076,1.00,1.00
2015.08.05 12:04:46.899,2.12042,2.12073,1.00,1.00
2015.08.05 12:04:46.950,2.12049,2.12081,1.00,1.00
2015.08.05 12:04:47.052,2.12043,2.12073,1.00,1.00
2015.08.05 12:04:47.103,2.12046,2.12078,1.00,1.00
2015.08.05 12:04:47.205,2.12041,2.12072,1.00,1.00
2015.08.05 12:04:47.537,2.12043,2.12074,1.00,1.00
2015.08.05 12:04:47.926,2.12038,2.12068,1.00,1.00
2015.08.05 12:04:49.951,2.12034,2.12067,1.00,1.00
2015.08.05 12:04:50.053,2.12031,2.12061,1.00,1.00
2015.08.05 12:04:50.357,2.12029,2.12059,1.00,1.00
2015.08.05 12:04:50.861,2.12028,2.1206,1.50,1.00
2015.08.05 12:04:51.181,2.12031,2.12062,1.50,1.00
2015.08.05 12:04:51.485,2.12034,2.12065,1.00,1.00
2015.08.05 12:04:53.137,2.12036,2.12069,1.00,1.00
2015.08.05 12:04:53.946,2.12035,2.12066,1.00,1.00
2015.08.05 12:04:54.504,2.12026,2.12055,1.50,1.00
2015.08.05 12:04:54.605,2.12026,2.12059,1.00,1.00
2015.08.05 12:04:54.656,2.12023,2.12053,1.00,1.00
2015.08.05 12:04:54.818,2.12025,2.12057,1.00,1.00
2015.08.05 12:04:54.969,2.12022,2.12054,1.00,1.00
2015.08.05 12:04:55.273,2.1202,2.12051,1.00,1.00
2015.08.05 12:04:55.576,2.12023,2.12053,1.00,1.00
2015.08.05 12:04:55.998,2.12045,2.12075,1.00,1.00
2015.08.05 12:04:56.149,2.12046,2.12079,1.34,1.00
2015.08.05 12:04:56.200,2.12049,2.12082,1.00,1.00
2015.08.05 12:04:56.353,2.12053,2.12085,1.00,1.00
2015.08.05 12:04:56.454,2.12051,2.12085,1.00,1.00
2015.08.05 12:04:56.505,2.12058,2.12085,1.00,1.00
2015.08.05 12:04:56.657,2.12058,2.12088,1.00,1.00
2015.08.05 12:04:56.986,2.1206,2.12091,1.00,1.00
2015.08.05 12:04:57.137,2.12057,2.12088,1.00,1.00
2015.08.05 12:04:58.812,2.12057,2.12084,1.00,1.00
2015.08.05 12:04:58.863,2.12053,2.12084,1.00,1.00
2015.08.05 12:04:59.351,2.12043,2.12074,1.00,1.00
2015.08.05 12:04:59.503,2.12043,2.12076,1.00,1.00
2015.08.05 12:04:59.554,2.12036,2.12069,1.50,1.00
2015.08.05 12:04:59.858,2.12045,2.12077,1.00,1.00
2015.08.05 12:05:00.233,2.12044,2.12074,1.00,1.00
2015.08.05 12:05:00.284,2.12034,2.12067,1.00,1.00
2015.08.05 12:05:00.436,2.12032,2.12063,1.00,1.00
2015.08.05 12:05:00.740,2.12037,2.12068,1.00,1.50
2015.08.05 12:05:01.044,2.12033,2.12064,1.00,1.00
2015.08.05 12:05:01.364,2.12033,2.12055,1.00,1.00
2015.08.05 12:05:01.889,2.12037,2.12062,1.00,1.00
2015.08.05 12:05:01.940,2.12045,2.12067,1.00,1.00
2015.08.05 12:05:02.042,2.12042,2.12065,1.00,1.00
2015.08.05 12:05:02.143,2.1205,2.12075,1.00,1.00
2015.08.05 12:05:02.244,2.12045,2.12067,1.00,1.00
2015.08.05 12:05:02.346,2.12057,2.12081,1.00,1.50
2015.08.05 12:05:02.397,2.12047,2.12069,1.00,1.00
2015.08.05 12:05:03.101,2.12048,2.12071,1.00,1.00
2015.08.05 12:05:03.203,2.12044,2.12067,1.00,1.00
2015.08.05 12:05:03.568,2.12038,2.12063,1.00,1.00
2015.08.05 12:05:03.669,2.1203,2.12054,1.00,1.00
2015.08.05 12:05:04.181,2.12031,2.12054,1.00,1.00
2015.08.05 12:05:04.485,2.12028,2.1205,1.00,1.00
2015.08.05 12:05:04.793,2.12025,2.12047,1.00,1.00
2015.08.05 12:05:05.450,2.12028,2.1205,1.00,1.00
2015.08.05 12:05:05.785,2.12031,2.12054,1.00,1.00
2015.08.05 12:05:05.937,2.12031,2.12056,1.00,1.00
2015.08.05 12:05:05.988,2.12026,2.12051,1.00,1.00
2015.08.05 12:05:06.292,2.12035,2.12058,1.00,1.50
2015.08.05 12:05:06.645,2.12032,2.12057,1.00,1.00
2015.08.05 12:05:07.465,2.12027,2.1205,1.00,1.00
2015.08.05 12:05:07.768,2.12024,2.12047,1.00,1.00
2015.08.05 12:05:08.275,2.12025,2.1205,1.00,1.00
2015.08.05 12:05:08.326,2.12031,2.12056,1.00,1.00
2015.08.05 12:05:08.630,2.12048,2.12067,1.00,1.00
2015.08.05 12:05:08.681,2.12034,2.12057,1.00,1.00
2015.08.05 12:05:08.732,2.1203,2.12053,1.00,1.00
2015.08.05 12:05:08.833,2.12032,2.12067,1.37,1.00
2015.08.05 12:05:08.985,2.12055,2.12075,1.00,1.00
2015.08.05 12:05:09.088,2.12052,2.12075,1.00,1.50
2015.08.05 12:05:09.190,2.12049,2.12072,1.00,1.00
2015.08.05 12:05:09.757,2.12052,2.12071,1.00,1.00
2015.08.05 12:05:09.808,2.1204,2.12063,1.00,1.00
2015.08.05 12:05:10.589,2.12037,2.12062,1.00,1.00
2015.08.05 12:05:10.691,2.12035,2.12057,1.00,1.00
2015.08.05 12:05:10.843,2.1203,2.12053,1.00,1.00
2015.08.05 12:05:10.945,2.12024,2.12049,1.00,1.00
2015.08.05 12:05:10.996,2.12026,2.12051,1.00,1.00
2015.08.05 12:05:11.723,2.12024,2.12048,1.00,1.00
2015.08.05 12:05:11.877,2.12033,2.12058,1.00,1.00
2015.08.05 12:05:12.181,2.12038,2.12061,1.00,1.00
2015.08.05 12:05:12.791,2.12032,2.12055,1.00,1.00
2015.08.05 12:05:12.842,2.1203,2.12055,1.00,1.00
2015.08.05 12:05:14.179,2.12044,2.12069,1.00,2.25
2015.08.05 12:05:14.496,2.1204,2.12063,1.00,1.00
2015.08.05 12:05:14.648,2.12036,2.12061,1.00,1.00
2015.08.05 12:05:14.699,2.12032,2.12057,1.00,1.00
2015.08.05 12:05:15.002,2.12035,2.12058,1.00,1.00
2015.08.05 12:05:15.205,2.12043,2.12067,1.00,1.00
2015.08.05 12:05:15.362,2.12039,2.12064,1.00,1.00
2015.08.05 12:05:15.413,2.12041,2.12064,1.00,1.00
2015.08.05 12:05:15.464,2.12049,2.12074,1.00,1.00
2015.08.05 12:05:15.516,2.12046,2.12071,1.00,1.00
2015.08.05 12:05:15.819,2.12051,2.12076,1.00,1.00
2015.08.05 12:05:16.124,2.12038,2.12061,1.00,1.00
2015.08.05 12:05:16.471,2.12033,2.12058,1.00,1.00
2015.08.05 12:05:16.523,2.12036,2.12061,1.00,1.00
2015.08.05 12:05:16.828,2.1203,2.12055,1.00,1.00
2015.08.05 12:05:17.132,2.12034,2.12059,1.00,1.00
2015.08.05 12:05:17.653,2.12033,2.12056,1.00,1.00
2015.08.05 12:05:17.856,2.12022,2.12046,1.00,1.00
2015.08.05 12:05:18.008,2.12025,2.12048,1.00,1.00
2015.08.05 12:05:18.312,2.12019,2.12042,1.00,1.00
2015.08.05 12:05:20.646,2.12021,2.12044,1.00,1.00
2015.08.05 12:05:23.155,2.12026,2.12049,1.00,1.00
2015.08.05 12:05:23.256,2.1202,2.12058,1.00,1.00
2015.08.05 12:05:23.307,2.12026,2.12049,1.00,1.00
2015.08.05 12:05:23.358,2.12032,2.12057,1.00,1.00
2015.08.05 12:05:25.649,2.12025,2.12047,1.00,1.00
2015.08.05 12:05:26.054,2.12017,2.12041,1.00,1.00
2015.08.05 12:05:28.686,2.12024,2.12049,1.00,1.00
2015.08.05 12:05:28.787,2.12017,2.12055,1.00,1.00
2015.08.05 12:05:28.838,2.12033,2.12055,1.00,1.00
2015.08.05 12:05:29.141,2.12029,2.12052,1.00,1.00
2015.08.05 12:05:29.318,2.12022,2.12047,1.00,1.00
2015.08.05 12:05:40.058,2.12021,2.12044,1.00,1.00
2015.08.05 12:05:41.465,2.12016,2.12038,1.00,1.00
2015.08.05 12:05:42.564,2.12015,2.12036,1.00,1.00
2015.08.05 12:05:43.387,2.12017,2.12036,1.00,1.00
2015.08.05 12:05:43.438,2.12026,2.12053,1.00,1.67
2015.08.05 12:05:43.540,2.12023,2.12042,1.00,1.00
2015.08.05 12:05:43.641,2.12019,2.12042,1.00,1.00
2015.08.05 12:05:43.793,2.12016,2.12039,1.50,1.00
2015.08.05 12:05:44.096,2.12025,2.12044,1.00,1.00
2015.08.05 12:05:44.204,2.12018,2.12041,1.00,1.00
2015.08.05 12:05:44.685,2.12015,2.12034,1.00,1.00
2015.08.05 12:05:45.234,2.12016,2.12034,1.00,1.00
2015.08.05 12:05:45.884,2.12015,2.12034,1.00,1.00
2015.08.05 12:05:47.891,2.12016,2.12034,1.00,1.00
2015.08.05 12:05:48.393,2.12015,2.12034,1.00,1.00
2015.08.05 12:05:48.995,2.12016,2.12034,1.00,1.00
2015.08.05 12:05:49.599,2.12015,2.12034,1.00,1.00
2015.08.05 12:05:50.198,2.12016,2.12034,1.00,1.00
2015.08.05 12:05:51.101,2.12015,2.12034,1.00,1.00
2015.08.05 12:05:51.253,2.12015,2.12037,1.00,1.00
2015.08.05 12:05:52.206,2.12016,2.12037,1.00,1.00
2015.08.05 12:05:52.708,2.12015,2.12037,1.00,1.00
2015.08.05 12:05:53.284,2.12016,2.12037,1.00,1.00
2015.08.05 12:05:54.315,2.12015,2.12037,1.00,1.00
2015.08.05 12:05:54.883,2.12016,2.12037,1.00,1.00
2015.08.05 12:05:55.544,2.12017,2.12039,1.00,1.00
2015.08.05 12:05:55.595,2.12023,2.12044,1.00,1.00
2015.08.05 12:05:55.696,2.12025,2.1205,1.00,1.00
2015.08.05 12:05:55.747,2.12033,2.12056,1.00,1.00
2015.08.05 12:05:55.949,2.12028,2.12053,1.00,1.00
2015.08.05 12:05:57.316,2.12024,2.12048,1.00,1.00
2015.08.05 12:05:57.715,2.12024,2.12048,1.00,2.17
2015.08.05 12:05:57.766,2.1202,2.12045,1.00,1.67
2015.08.05 12:05:57.817,2.12016,2.12034,1.00,1.00
2015.08.05 12:05:58.023,2.12019,2.12042,1.00,1.00
2015.08.05 12:05:58.175,2.12029,2.12048,1.00,1.00
2015.08.05 12:05:58.281,2.12021,2.12046,1.00,1.00
2015.08.05 12:05:58.484,2.12017,2.12041,1.00,1.00
2015.08.05 12:05:59.212,2.12016,2.12038,1.00,1.00
2015.08.05 12:05:59.523,2.12028,2.12051,1.00,1.00
2015.08.05 12:05:59.675,2.12025,2.12047,1.00,1.00
2015.08.05 12:06:00.759,2.12021,2.12044,1.00,1.00
2015.08.05 12:06:02.670,2.12013,2.12033,2.06,1.00
2015.08.05 12:06:03.201,2.12013,2.12033,1.56,1.00
2015.08.05 12:06:03.252,2.12018,2.12043,1.00,1.00
2015.08.05 12:06:03.404,2.12025,2.1205,1.00,1.00
2015.08.05 12:06:04.759,2.12021,2.12046,1.00,1.00
2015.08.05 12:06:07.192,2.12038,2.12062,1.00,1.00
2015.08.05 12:06:07.243,2.12029,2.12054,1.00,1.00
2015.08.05 12:06:07.445,2.12029,2.12052,1.00,1.00
2015.08.05 12:06:07.547,2.12031,2.12056,1.00,1.00
2015.08.05 12:06:09.016,2.12026,2.1205,1.00,1.00
2015.08.05 12:06:09.476,2.12024,2.12047,1.00,1.00
2015.08.05 12:06:09.981,2.12015,2.12037,1.31,1.00
2015.08.05 12:06:10.511,2.12015,2.12037,1.56,1.00
2015.08.05 12:06:10.562,2.12025,2.12047,1.00,1.00
2015.08.05 12:06:10.816,2.12015,2.12036,1.31,1.00
2015.08.05 12:06:11.337,2.12014,2.12036,1.56,1.00
2015.08.05 12:06:11.439,2.12022,2.12046,1.00,1.00
2015.08.05 12:06:12.240,2.12015,2.12035,1.69,1.00
2015.08.05 12:06:12.291,2.12023,2.12048,1.00,1.00
2015.08.05 12:06:12.392,2.12029,2.12054,1.00,1.00
2015.08.05 12:06:12.808,2.12038,2.12062,1.00,1.00
2015.08.05 12:06:13.313,2.12038,2.12063,1.00,1.00
2015.08.05 12:06:13.721,2.1204,2.12063,1.00,1.00
2015.08.05 12:06:14.075,2.12036,2.12058,1.00,1.00
2015.08.05 12:06:14.227,2.12038,2.12062,1.00,1.00
2015.08.05 12:06:14.735,2.12029,2.12054,1.00,1.00
2015.08.05 12:06:14.837,2.12034,2.12058,1.00,1.00
2015.08.05 12:06:14.938,2.12036,2.12061,1.00,1.00
2015.08.05 12:06:15.100,2.12029,2.12051,1.00,1.00
2015.08.05 12:06:16.676,2.12025,2.12049,1.00,1.00
2015.08.05 12:06:17.707,2.1202,2.12042,1.00,1.00
2015.08.05 12:06:18.544,2.1202,2.12038,1.00,1.00
2015.08.05 12:06:18.848,2.12009,2.12025,1.65,1.00
2015.08.05 12:06:19.217,2.1201,2.12032,1.56,1.00
2015.08.05 12:06:19.843,2.1201,2.12032,2.40,1.00
2015.08.05 12:06:21.063,2.1201,2.12032,1.87,1.00
2015.08.05 12:06:21.728,2.1201,2.12032,2.40,1.00
2015.08.05 12:06:22.292,2.1201,2.12032,2.40,1.00
2015.08.05 12:06:23.156,2.1201,2.12032,2.40,1.00
2015.08.05 12:06:23.704,2.1201,2.12028,1.12,1.00
2015.08.05 12:06:23.856,2.12009,2.12031,1.65,1.00
2015.08.05 12:06:23.907,2.1201,2.12024,1.12,1.00
2015.08.05 12:06:23.958,2.12009,2.12022,1.09,1.00
2015.08.05 12:06:24.059,2.12001,2.12023,1.52,1.00
2015.08.05 12:06:24.110,2.12001,2.12023,1.00,1.00
2015.08.05 12:06:32.437,2.11997,2.12021,1.00,1.00
2015.08.05 12:06:32.538,2.11994,2.12017,1.00,1.00
2015.08.05 12:06:35.338,2.11995,2.12017,1.00,1.00
2015.08.05 12:06:35.440,2.11993,2.12017,1.50,1.00
2015.08.05 12:06:35.909,2.11998,2.12023,1.00,1.00
2015.08.05 12:06:37.270,2.11996,2.12019,1.00,1.00
2015.08.05 12:06:37.617,2.12,2.12022,1.00,1.00
2015.08.05 12:06:41.317,2.11997,2.12019,1.00,1.00
2015.08.05 12:06:41.486,2.11992,2.12017,1.00,1.00
2015.08.05 12:06:44.436,2.11997,2.12017,1.00,1.00
2015.08.05 12:06:44.587,2.12001,2.12025,1.00,1.00
2015.08.05 12:06:48.536,2.11997,2.12019,1.00,1.00
2015.08.05 12:06:52.013,2.11991,2.12016,1.00,1.00
2015.08.05 12:06:54.082,2.11995,2.12019,1.00,1.00
2015.08.05 12:06:56.692,2.11989,2.12003,1.00,1.00
2015.08.05 12:06:56.742,2.1199,2.12013,1.00,1.00
2015.08.05 12:06:56.894,2.11981,2.12003,1.00,1.00
2015.08.05 12:07:01.504,2.11985,2.12003,1.00,1.00
2015.08.05 12:07:01.555,2.11985,2.12008,1.00,1.00
2015.08.05 12:07:01.606,2.1199,2.12017,1.00,1.00
2015.08.05 12:07:01.657,2.1199,2.12028,1.00,1.00
2015.08.05 12:07:01.708,2.11992,2.12029,1.00,1.00
2015.08.05 12:07:02.079,2.12,2.12025,1.00,1.00
2015.08.05 12:07:02.955,2.1199,2.12015,1.00,1.00
2015.08.05 12:07:03.270,2.11989,2.12012,1.00,1.00
2015.08.05 12:07:03.321,2.11982,2.12007,1.00,1.00
2015.08.05 12:07:03.422,2.11986,2.12009,1.00,1.50
2015.08.05 12:07:03.473,2.1198,2.12005,1.00,1.00
2015.08.05 12:07:04.466,2.11988,2.12011,1.00,1.00
2015.08.05 12:07:04.668,2.11983,2.12007,1.00,1.00
2015.08.05 12:07:04.769,2.11981,2.12006,1.00,1.00
2015.08.05 12:07:04.820,2.11974,2.11995,1.00,1.00
2015.08.05 12:07:04.972,2.11975,2.11999,1.00,1.00
2015.08.05 12:07:05.073,2.11982,2.12007,1.00,1.00
2015.08.05 12:07:05.236,2.11973,2.11996,1.00,1.00
2015.08.05 12:07:05.338,2.11975,2.12,1.00,1.00
2015.08.05 12:07:06.146,2.11974,2.11997,1.00,1.00
2015.08.05 12:07:06.567,2.11978,2.12,1.00,1.00
2015.08.05 12:07:10.407,2.11982,2.12004,1.00,1.00
2015.08.05 12:07:10.559,2.1199,2.12015,1.00,1.00
2015.08.05 12:07:10.660,2.11987,2.12012,1.00,1.00
2015.08.05 12:07:11.003,2.11995,2.12018,1.00,1.00
2015.08.05 12:07:11.055,2.11992,2.12016,1.00,1.00
2015.08.05 12:07:11.106,2.11979,2.12004,1.00,1.00
2015.08.05 12:07:11.258,2.11986,2.1201,1.00,1.00
2015.08.05 12:07:11.565,2.11986,2.12008,1.00,1.00
2015.08.05 12:07:12.179,2.11992,2.12014,1.00,1.00
2015.08.05 12:07:12.887,2.11985,2.12007,1.00,1.00
2015.08.05 12:07:13.225,2.11982,2.12004,1.00,1.00
2015.08.05 12:07:14.920,2.11985,2.12004,1.00,1.00
2015.08.05 12:07:14.971,2.11998,2.12021,1.00,1.50
2015.08.05 12:07:15.022,2.11993,2.12016,1.00,1.00
2015.08.05 12:07:15.325,2.11987,2.1201,1.00,1.00
2015.08.05 12:07:16.195,2.11993,2.12015,1.00,1.00
2015.08.05 12:07:16.245,2.11992,2.12017,1.00,1.00
2015.08.05 12:07:17.384,2.11988,2.12011,1.00,1.00
2015.08.05 12:07:18.332,2.11986,2.12008,1.00,1.00
2015.08.05 12:07:18.382,2.11987,2.12012,1.00,1.00
2015.08.05 12:07:18.484,2.1198,2.12005,1.00,1.00
2015.08.05 12:07:18.798,2.11985,2.12008,1.00,1.00
2015.08.05 12:07:19.102,2.11982,2.12004,1.00,1.00
2015.08.05 12:07:19.980,2.11988,2.1201,1.00,1.00
2015.08.05 12:07:20.537,2.11976,2.11999,1.50,1.00
2015.08.05 12:07:20.587,2.11976,2.11991,1.00,1.00
2015.08.05 12:07:20.639,2.11971,2.11992,1.00,1.00
2015.08.05 12:07:20.835,2.11972,2.11996,1.00,1.00
2015.08.05 12:07:20.886,2.11965,2.12005,1.00,1.00
2015.08.05 12:07:20.937,2.11965,2.11988,1.50,1.00
2015.08.05 12:07:21.242,2.11968,2.11991,1.00,1.00
2015.08.05 12:07:22.807,2.11971,2.11994,1.00,1.00
2015.08.05 12:07:25.298,2.11967,2.11992,1.00,1.00
2015.08.05 12:07:27.264,2.11967,2.11988,1.00,1.00
2015.08.05 12:07:28.351,2.11967,2.11992,1.00,1.50
2015.08.05 12:07:29.229,2.11974,2.11992,1.00,1.00
2015.08.05 12:07:29.331,2.11974,2.11995,1.00,1.00
2015.08.05 12:07:29.523,2.11982,2.11995,1.00,1.00
2015.08.05 12:07:30.005,2.11979,2.11995,1.00,1.00
2015.08.05 12:07:32.433,2.11979,2.11997,1.00,1.00
2015.08.05 12:07:33.420,2.11979,2.11995,1.00,1.00
2015.08.05 12:07:36.143,2.11979,2.11997,1.00,1.00
2015.08.05 12:07:37.014,2.11979,2.11996,1.00,1.00
2015.08.05 12:07:37.687,2.11979,2.11993,1.00,1.00
2015.08.05 12:07:37.839,2.11977,2.11993,1.00,1.00
2015.08.05 12:07:38.466,2.11977,2.11992,1.00,1.00
2015.08.05 12:07:39.002,2.11977,2.11991,1.00,1.00
2015.08.05 12:07:39.880,2.11977,2.11988,1.00,1.00
2015.08.05 12:07:40.133,2.11977,2.11991,1.00,1.00
2015.08.05 12:07:41.091,2.11977,2.11988,1.00,1.00
2015.08.05 12:07:41.309,2.11973,2.11988,1.00,1.00
2015.08.05 12:07:41.460,2.11973,2.11986,1.00,1.00
2015.08.05 12:07:41.512,2.11962,2.11986,1.00,1.00
2015.08.05 12:07:41.613,2.11964,2.11985,1.00,1.00
2015.08.05 12:07:41.916,2.11961,2.11982,1.00,1.00
2015.08.05 12:07:42.220,2.11959,2.11979,1.00,1.00
2015.08.05 12:07:42.424,2.11962,2.11984,1.00,1.50
2015.08.05 12:07:42.974,2.11962,2.11983,1.00,1.00
2015.08.05 12:07:43.327,2.11962,2.1198,1.00,1.00
2015.08.05 12:07:43.754,2.11962,2.11978,1.00,1.00
2015.08.05 12:07:44.582,2.11965,2.11978,1.00,1.00
2015.08.05 12:07:44.633,2.11965,2.1198,1.00,1.00
2015.08.05 12:07:45.046,2.11965,2.11983,1.00,1.00
2015.08.05 12:07:46.159,2.11965,2.11981,1.00,1.00
2015.08.05 12:07:46.513,2.11965,2.11979,1.00,1.00
2015.08.05 12:07:47.582,2.11965,2.11977,1.00,1.00
2015.08.05 12:07:47.835,2.11959,2.11973,1.00,1.00
2015.08.05 12:07:48.137,2.11959,2.11977,1.00,1.00
2015.08.05 12:07:48.239,2.11959,2.11975,1.00,1.00
2015.08.05 12:07:49.446,2.11959,2.11976,1.00,1.00
2015.08.05 12:07:51.005,2.11959,2.11979,1.00,1.00
2015.08.05 12:07:54.669,2.11965,2.11979,1.00,1.00
2015.08.05 12:07:55.517,2.11968,2.11986,1.00,1.00
2015.08.05 12:07:55.568,2.11976,2.11986,1.00,1.00
2015.08.05 12:07:55.619,2.11976,2.11992,1.00,1.00
2015.08.05 12:07:55.720,2.11979,2.11992,1.00,1.00
2015.08.05 12:07:55.913,2.11973,2.11992,1.00,1.00
2015.08.05 12:07:55.965,2.11973,2.11994,1.00,1.00
2015.08.05 12:07:56.016,2.1198,2.11994,1.00,1.00
2015.08.05 12:07:56.421,2.1198,2.11999,1.00,1.00
2015.08.05 12:07:56.938,2.1198,2.11998,1.00,1.00
2015.08.05 12:07:57.382,2.11983,2.11998,1.00,1.00
2015.08.05 12:07:57.840,2.11983,2.1199,1.00,1.00
2015.08.05 12:07:57.941,2.11972,2.1199,1.00,1.00
2015.08.05 12:07:58.043,2.11963,2.11987,1.50,1.00
2015.08.05 12:07:58.094,2.11963,2.11985,1.00,1.00
2015.08.05 12:07:58.448,2.11961,2.11976,1.00,1.00
2015.08.05 12:07:58.500,2.11961,2.1198,1.00,1.00
2015.08.05 12:07:58.703,2.11961,2.11978,1.00,1.00
2015.08.05 12:07:59.211,2.11961,2.11979,1.00,1.00
2015.08.05 12:07:59.579,2.11961,2.11977,1.00,1.00
2015.08.05 12:07:59.680,2.11964,2.11986,1.00,1.00
2015.08.05 12:07:59.782,2.11968,2.11986,1.00,1.00
2015.08.05 12:07:59.883,2.11953,2.11978,1.50,1.00
2015.08.05 12:08:00.085,2.11955,2.11978,1.00,1.00
2015.08.05 12:08:00.288,2.11955,2.1198,1.50,1.00
2015.08.05 12:08:00.490,2.11972,2.11993,1.00,1.00
2015.08.05 12:08:00.820,2.11955,2.1198,1.87,1.00
2015.08.05 12:08:00.972,2.11953,2.11976,1.00,1.00
2015.08.05 12:08:01.277,2.11967,2.11985,1.00,1.00
2015.08.05 12:08:01.681,2.11967,2.1198,1.00,1.00
2015.08.05 12:08:01.942,2.11963,2.11978,1.00,1.00
2015.08.05 12:08:01.993,2.1197,2.11989,1.00,1.00
2015.08.05 12:08:02.145,2.11968,2.11989,1.00,1.00
2015.08.05 12:08:02.196,2.11975,2.11989,1.00,1.00
2015.08.05 12:08:02.398,2.11956,2.11978,1.00,1.00
2015.08.05 12:08:02.852,2.11961,2.11978,1.00,1.00
2015.08.05 12:08:03.018,2.11969,2.11994,1.00,1.00
2015.08.05 12:08:03.474,2.11962,2.12005,1.50,1.00
2015.08.05 12:08:03.525,2.11976,2.12001,1.00,1.00
2015.08.05 12:08:03.930,2.11957,2.11981,1.00,1.00
2015.08.05 12:08:04.082,2.11965,2.1199,1.00,1.00
2015.08.05 12:08:04.235,2.11962,2.11987,1.00,1.00
2015.08.05 12:08:05.717,2.11966,2.11989,1.00,1.00
2015.08.05 12:08:05.818,2.11966,2.12001,1.00,1.00
2015.08.05 12:08:05.920,2.11965,2.12007,1.00,1.00
2015.08.05 12:08:06.173,2.11963,2.12007,1.00,1.50
2015.08.05 12:08:06.224,2.11967,2.11992,1.00,1.00
2015.08.05 12:08:06.413,2.11967,2.12001,1.00,1.50
2015.08.05 12:08:06.514,2.11953,2.11991,1.00,1.00
2015.08.05 12:08:06.615,2.11962,2.11985,1.00,1.00
2015.08.05 12:08:06.817,2.11951,2.11976,1.00,1.00
2015.08.05 12:08:06.970,2.11944,2.1198,1.00,1.87
2015.08.05 12:08:07.021,2.11948,2.1197,1.00,1.00
2015.08.05 12:08:07.072,2.11941,2.11965,1.00,1.00
2015.08.05 12:08:07.327,2.1194,2.11963,1.00,1.00
2015.08.05 12:08:07.491,2.1195,2.11974,1.00,1.00
2015.08.05 12:08:07.693,2.11954,2.11983,1.00,1.00
2015.08.05 12:08:07.895,2.11967,2.11989,1.00,1.00
2015.08.05 12:08:07.946,2.11967,2.11991,1.00,1.00
2015.08.05 12:08:07.997,2.11965,2.11989,1.00,1.00
2015.08.05 12:08:08.301,2.11967,2.1199,1.00,1.00
2015.08.05 12:08:08.591,2.11948,2.11973,1.50,1.00
2015.08.05 12:08:08.642,2.1195,2.11973,1.00,1.00
2015.08.05 12:08:08.895,2.11957,2.11981,1.00,1.00
2015.08.05 12:08:08.945,2.11962,2.11985,1.00,1.00
2015.08.05 12:08:09.248,2.11957,2.11979,1.00,1.00
2015.08.05 12:08:09.762,2.11947,2.11967,1.00,1.00
2015.08.05 12:08:09.813,2.11942,2.11967,1.50,1.00
2015.08.05 12:08:09.914,2.11954,2.11979,1.00,1.12
2015.08.05 12:08:09.965,2.11942,2.11971,1.00,1.00
2015.08.05 12:08:10.015,2.11942,2.11957,1.00,1.00
2015.08.05 12:08:10.066,2.1194,2.11965,1.00,1.00
2015.08.05 12:08:10.117,2.11957,2.1197,1.00,1.00
2015.08.05 12:08:10.269,2.11958,2.11976,1.00,1.00
2015.08.05 12:08:10.463,2.11958,2.11981,1.00,1.00
2015.08.05 12:08:13.894,2.11954,2.11979,1.00,1.00
2015.08.05 12:08:13.995,2.11948,2.11971,1.00,1.00
2015.08.05 12:08:16.977,2.11945,2.1197,1.00,1.00
2015.08.05 12:08:17.526,2.11949,2.11974,1.00,1.50
2015.08.05 12:08:17.829,2.11949,2.1197,1.00,1.00
2015.08.05 12:08:17.880,2.11946,2.11969,1.00,1.00
2015.08.05 12:08:18.358,2.11936,2.11961,1.00,1.50
2015.08.05 12:08:18.409,2.1193,2.1196,1.00,1.00
2015.08.05 12:08:18.571,2.11924,2.11955,1.00,1.12
2015.08.05 12:08:18.672,2.1192,2.11945,1.00,1.00
2015.08.05 12:08:18.874,2.11914,2.11945,1.00,1.00
2015.08.05 12:08:19.186,2.11917,2.11948,1.00,1.00
2015.08.05 12:08:20.013,2.11921,2.11948,1.84,1.00
2015.08.05 12:08:20.115,2.11923,2.11952,1.34,1.00
2015.08.05 12:08:20.166,2.11935,2.11966,1.34,1.37
2015.08.05 12:08:20.318,2.11934,2.11963,1.34,1.00
2015.08.05 12:08:20.369,2.11934,2.11979,1.34,1.00
2015.08.05 12:08:20.420,2.11934,2.11979,1.00,1.00
2015.08.05 12:08:20.522,2.11936,2.11978,1.00,1.00
2015.08.05 12:08:20.677,2.11933,2.11979,1.00,1.50
2015.08.05 12:08:20.728,2.11935,2.11966,1.00,1.00
2015.08.05 12:08:21.066,2.11929,2.1196,1.50,1.00
2015.08.05 12:08:21.369,2.1194,2.1197,1.00,1.00
2015.08.05 12:08:21.622,2.11929,2.11962,2.25,1.00
2015.08.05 12:08:23.809,2.1193,2.11962,1.00,1.00
2015.08.05 12:08:24.801,2.11929,2.11962,1.50,1.00
2015.08.05 12:08:25.053,2.11933,2.11966,1.00,1.00
2015.08.05 12:08:25.358,2.11939,2.11969,1.00,1.00
2015.08.05 12:08:29.265,2.11943,2.11975,1.00,1.50
2015.08.05 12:08:30.202,2.11945,2.11976,1.00,1.00
2015.08.05 12:08:31.512,2.11952,2.11976,1.00,1.00
2015.08.05 12:08:32.017,2.11958,2.11981,1.00,1.00
2015.08.05 12:08:32.363,2.11956,2.11978,1.00,1.00
2015.08.05 12:08:34.403,2.11958,2.11983,1.00,1.00
2015.08.05 12:08:34.555,2.11962,2.11987,1.00,1.00
2015.08.05 12:08:34.862,2.11968,2.11988,1.00,1.00
2015.08.05 12:08:34.914,2.11959,2.11984,1.00,1.00
2015.08.05 12:08:36.639,2.11958,2.1198,1.00,1.00
2015.08.05 12:08:36.792,2.11956,2.11981,1.00,1.00
2015.08.05 12:08:37.393,2.11959,2.11984,1.00,1.00
2015.08.05 12:08:38.073,2.11954,2.11978,1.00,1.00
2015.08.05 12:08:38.377,2.11963,2.11983,1.00,1.00
2015.08.05 12:08:38.428,2.11956,2.11979,1.00,1.00
2015.08.05 12:08:38.480,2.11943,2.11964,1.00,1.00
2015.08.05 12:08:38.581,2.11939,2.11964,1.00,1.00
2015.08.05 12:08:38.733,2.11944,2.11968,1.00,1.00
2015.08.05 12:08:39.137,2.1195,2.11975,1.00,1.00
2015.08.05 12:08:39.239,2.11956,2.11978,1.00,1.00
2015.08.05 12:08:39.638,2.11969,2.11991,1.00,1.50
2015.08.05 12:08:39.689,2.11962,2.11985,1.00,1.00
2015.08.05 12:08:44.579,2.11959,2.11981,1.00,1.00
2015.08.05 12:08:44.832,2.11952,2.11975,1.00,1.00
2015.08.05 12:08:44.982,2.11957,2.11981,1.00,1.00
2015.08.05 12:08:45.235,2.11951,2.11976,1.00,1.00
2015.08.05 12:08:50.577,2.1195,2.11972,1.00,1.00
2015.08.05 12:08:54.345,2.11941,2.11964,1.00,1.00
2015.08.05 12:08:56.527,2.11942,2.11967,1.00,1.00
2015.08.05 12:08:57.096,2.11947,2.11965,1.00,1.00
2015.08.05 12:08:57.146,2.11947,2.11971,1.50,1.00
2015.08.05 12:08:57.349,2.11953,2.11977,1.00,1.00
2015.08.05 12:08:58.659,2.1195,2.11972,1.00,1.00
2015.08.05 12:08:58.962,2.11946,2.11971,1.00,1.00
2015.08.05 12:08:59.215,2.1195,2.11973,1.00,1.00
2015.08.05 12:08:59.698,2.11958,2.11981,1.00,1.00
2015.08.05 12:08:59.903,2.11963,2.11988,1.00,1.00
2015.08.05 12:09:00.005,2.11961,2.11988,1.00,1.00
2015.08.05 12:09:00.057,2.11961,2.11995,1.00,1.00
2015.08.05 12:09:00.298,2.1196,2.11985,1.00,1.00
2015.08.05 12:09:00.617,2.1197,2.11993,1.00,1.00
2015.08.05 12:09:00.769,2.11972,2.11996,1.00,1.00
2015.08.05 12:09:01.021,2.11969,2.11994,1.00,1.00
2015.08.05 12:09:01.411,2.11982,2.11995,1.00,1.00
2015.08.05 12:09:01.462,2.1197,2.11995,1.00,1.50
2015.08.05 12:09:01.775,2.11973,2.11996,1.00,1.00
2015.08.05 12:09:01.825,2.11968,2.11993,1.00,1.00
2015.08.05 12:09:01.977,2.11977,2.12,1.00,1.00
2015.08.05 12:09:02.129,2.1198,2.12005,1.00,1.00
2015.08.05 12:09:03.030,2.11984,2.12009,1.00,1.00
2015.08.05 12:09:03.333,2.1198,2.12005,1.00,1.00
2015.08.05 12:09:03.636,2.11964,2.11989,1.00,1.00
2015.08.05 12:09:04.205,2.11961,2.11984,1.00,1.00
2015.08.05 12:09:04.508,2.11957,2.1198,1.00,1.00
2015.08.05 12:09:04.812,2.1196,2.11982,1.00,1.00
2015.08.05 12:09:05.241,2.11966,2.11988,1.00,1.00
2015.08.05 12:09:09.358,2.11971,2.11995,1.00,1.00
2015.08.05 12:09:09.884,2.11968,2.11991,1.00,1.00
2015.08.05 12:09:18.387,2.11962,2.11987,1.00,1.00
2015.08.05 12:09:19.005,2.11953,2.11972,1.00,1.00
2015.08.05 12:09:19.107,2.11953,2.11976,1.00,1.00
2015.08.05 12:09:19.259,2.11948,2.11986,1.00,1.00
2015.08.05 12:09:19.310,2.11959,2.11986,1.00,1.00
2015.08.05 12:09:19.651,2.11957,2.1198,1.00,1.00
2015.08.05 12:09:20.158,2.11955,2.11978,1.00,1.00
2015.08.05 12:09:24.650,2.11946,2.11971,1.00,1.00
2015.08.05 12:09:24.701,2.11942,2.11967,1.00,1.00
2015.08.05 12:09:27.207,2.11938,2.11962,1.00,1.00
2015.08.05 12:09:27.625,2.11934,2.11951,1.00,1.00
2015.08.05 12:09:27.727,2.11934,2.11954,1.00,1.00
2015.08.05 12:09:27.828,2.1193,2.11954,1.00,1.00
2015.08.05 12:09:27.879,2.11933,2.11957,1.00,1.00
2015.08.05 12:09:27.930,2.11929,2.11954,1.00,1.00
2015.08.05 12:09:28.744,2.11925,2.11947,1.00,1.00
2015.08.05 12:09:28.846,2.11921,2.11944,1.00,1.00
2015.08.05 12:09:28.947,2.11916,2.11949,1.00,1.00
2015.08.05 12:09:29.200,2.1192,2.1195,1.00,1.00
2015.08.05 12:09:29.604,2.11914,2.11944,1.50,1.00
2015.08.05 12:09:31.537,2.11917,2.1195,1.00,1.00
2015.08.05 12:09:31.789,2.11922,2.1195,1.00,1.00
2015.08.05 12:09:31.891,2.11934,2.11963,1.00,1.00
2015.08.05 12:09:31.942,2.11932,2.11962,1.00,1.00
2015.08.05 12:09:32.043,2.1192,2.1195,1.00,1.00
2015.08.05 12:09:34.780,2.11915,2.11947,1.00,1.00
2015.08.05 12:09:34.882,2.11912,2.11941,1.00,1.00
2015.08.05 12:09:34.983,2.11903,2.11934,3.00,1.00
2015.08.05 12:09:35.185,2.11907,2.11939,1.00,1.00
2015.08.05 12:09:36.638,2.11914,2.11945,1.00,1.00
2015.08.05 12:09:40.848,2.11917,2.11948,1.00,1.00
2015.08.05 12:09:43.944,2.11909,2.11938,1.00,1.00
2015.08.05 12:09:43.995,2.11905,2.11935,1.00,1.00
2015.08.05 12:09:44.046,2.11905,2.11927,1.00,1.00
2015.08.05 12:09:44.097,2.11901,2.11927,1.35,1.00
2015.08.05 12:09:44.198,2.119,2.11933,1.50,1.00
2015.08.05 12:09:44.738,2.11901,2.11932,1.00,1.00
2015.08.05 12:09:51.933,2.11902,2.11932,1.00,1.00
2015.08.05 12:09:51.984,2.11907,2.11937,1.00,1.00
2015.08.05 12:09:52.035,2.11911,2.11942,1.00,1.00
2015.08.05 12:09:52.085,2.11914,2.11942,1.00,1.00
2015.08.05 12:09:52.342,2.11918,2.11948,1.00,1.00
2015.08.05 12:09:52.393,2.11919,2.11952,1.00,1.00
2015.08.05 12:09:52.545,2.11913,2.11944,1.50,1.00
2015.08.05 12:09:52.596,2.11909,2.11942,1.00,1.00
2015.08.05 12:09:53.101,2.1191,2.11941,1.00,1.00
2015.08.05 12:09:54.428,2.11922,2.1195,1.00,1.00
2015.08.05 12:09:54.758,2.11917,2.1195,1.00,1.50
2015.08.05 12:09:55.179,2.11913,2.11944,1.00,1.00
2015.08.05 12:09:55.931,2.11915,2.11947,1.00,1.00
2015.08.05 12:09:56.122,2.11911,2.11939,1.12,1.00
2015.08.05 12:09:56.224,2.11907,2.11937,1.00,1.00
2015.08.05 12:09:56.325,2.11904,2.11937,1.34,1.00
2015.08.05 12:09:56.376,2.1192,2.1194,1.00,1.00
2015.08.05 12:09:56.427,2.11917,2.11946,1.00,1.00
2015.08.05 12:09:56.528,2.1191,2.11943,1.00,1.00
2015.08.05 12:09:56.630,2.11902,2.11932,1.00,1.00
2015.08.05 12:09:56.954,2.11898,2.11929,1.00,1.00
2015.08.05 12:10:00.289,2.11898,2.11926,1.00,1.00
2015.08.05 12:10:00.442,2.11896,2.11929,1.00,1.00
2015.08.05 12:10:00.600,2.11901,2.11934,1.00,1.50
2015.08.05 12:10:01.007,2.11907,2.11935,1.00,1.00
2015.08.05 12:10:01.471,2.11896,2.11922,1.00,1.00
2015.08.05 12:10:01.522,2.11906,2.11935,1.00,1.00
2015.08.05 12:10:01.623,2.11903,2.11933,1.00,1.00
2015.08.05 12:10:03.605,2.11895,2.11928,1.00,1.00
2015.08.05 12:10:04.315,2.11894,2.11924,1.00,1.00
2015.08.05 12:10:04.622,2.11885,2.11915,1.00,1.00
2015.08.05 12:10:04.723,2.11886,2.11919,1.00,1.00
2015.08.05 12:10:06.190,2.11891,2.11922,1.00,1.00
2015.08.05 12:10:06.911,2.11894,2.11922,1.00,1.00
2015.08.05 12:10:07.063,2.11887,2.11919,1.00,1.00
2015.08.05 12:10:15.691,2.11892,2.11925,1.00,1.00
2015.08.05 12:10:15.919,2.11903,2.11927,1.00,1.00
2015.08.05 12:10:16.072,2.11884,2.11914,1.50,1.00
2015.08.05 12:10:16.224,2.11887,2.11918,1.00,1.00
2015.08.05 12:10:16.326,2.11891,2.11923,1.00,1.00
2015.08.05 12:10:19.273,2.11896,2.11929,1.00,1.00
2015.08.05 12:10:19.324,2.11893,2.11926,1.00,1.00
2015.08.05 12:10:20.055,2.11897,2.11927,1.00,1.00
2015.08.05 12:10:20.156,2.11898,2.11931,1.00,1.00
2015.08.05 12:10:22.099,2.11894,2.11926,1.00,1.00
2015.08.05 12:10:22.402,2.11893,2.11924,1.00,1.00
2015.08.05 12:10:27.371,2.11895,2.11926,1.00,1.00
2015.08.05 12:10:27.674,2.11907,2.1193,1.00,1.00
2015.08.05 12:10:28.920,2.11901,2.11926,1.00,1.00
2015.08.05 12:10:29.021,2.11896,2.11921,1.00,1.00
2015.08.05 12:10:30.279,2.11899,2.11923,1.00,1.00
2015.08.05 12:10:30.636,2.11903,2.11926,1.00,1.00
2015.08.05 12:10:33.730,2.11912,2.11935,1.00,1.00
2015.08.05 12:10:33.832,2.11907,2.11931,1.00,1.00
2015.08.05 12:10:33.934,2.11903,2.11925,1.00,1.00
2015.08.05 12:10:34.136,2.11906,2.1193,1.00,1.00
2015.08.05 12:10:34.237,2.11903,2.11925,1.00,1.00
2015.08.05 12:10:34.389,2.11896,2.11921,1.00,1.00
2015.08.05 12:10:34.440,2.11902,2.11924,1.00,1.00
2015.08.05 12:10:34.761,2.11898,2.11921,1.00,1.00
2015.08.05 12:10:34.812,2.11901,2.11925,1.00,1.00
2015.08.05 12:10:34.862,2.11894,2.11916,1.00,1.00
2015.08.05 12:10:34.913,2.11886,2.11922,1.00,1.00
2015.08.05 12:10:34.964,2.11878,2.11922,1.00,1.00
2015.08.05 12:10:35.015,2.11886,2.1191,1.00,1.00
2015.08.05 12:10:35.218,2.11875,2.11905,1.00,1.00
2015.08.05 12:10:35.319,2.11884,2.11906,1.00,1.00
2015.08.05 12:10:36.400,2.11889,2.11912,1.00,1.00
2015.08.05 12:10:39.010,2.11885,2.1191,1.00,1.00
2015.08.05 12:10:40.319,2.1188,2.11904,1.37,1.00
2015.08.05 12:10:40.622,2.11887,2.11906,1.00,1.00
2015.08.05 12:10:41.228,2.11888,2.11913,1.00,1.00
2015.08.05 12:10:41.589,2.1189,2.11913,1.00,1.00
2015.08.05 12:10:44.438,2.11888,2.11913,1.50,1.00
2015.08.05 12:10:54.603,2.11895,2.1192,1.00,1.00
2015.08.05 12:10:55.075,2.11894,2.11917,1.00,1.00
2015.08.05 12:10:59.693,2.11891,2.11913,1.00,1.00
2015.08.05 12:10:59.795,2.11901,2.11937,1.00,1.00
2015.08.05 12:10:59.846,2.11908,2.11933,1.00,1.00
2015.08.05 12:11:00.149,2.1192,2.11941,1.00,1.00
2015.08.05 12:11:00.452,2.11924,2.11937,1.00,1.00
2015.08.05 12:11:00.711,2.11923,2.11953,1.00,1.00
2015.08.05 12:11:00.762,2.11928,2.11952,1.00,1.00
2015.08.05 12:11:00.915,2.1193,2.11955,1.00,1.00
2015.08.05 12:11:01.157,2.11928,2.11952,1.00,1.00
2015.08.05 12:11:01.533,2.11925,2.11949,1.00,1.00
2015.08.05 12:11:04.452,2.11926,2.11944,1.00,1.00
2015.08.05 12:11:04.553,2.11923,2.11944,1.00,1.00
2015.08.05 12:11:04.705,2.1192,2.11941,1.00,1.00
2015.08.05 12:11:04.839,2.11922,2.11946,1.00,1.00
2015.08.05 12:11:04.941,2.11917,2.11938,1.00,1.00
2015.08.05 12:11:05.092,2.11915,2.11938,1.00,1.00
2015.08.05 12:11:05.194,2.11914,2.11935,1.00,1.00
2015.08.05 12:11:05.525,2.11912,2.11931,1.00,1.00
2015.08.05 12:11:05.828,2.11914,2.11928,1.00,1.00
2015.08.05 12:11:06.228,2.11911,2.11928,1.00,1.00
2015.08.05 12:11:06.331,2.11902,2.11925,1.50,1.00
2015.08.05 12:11:06.433,2.11902,2.11922,1.00,1.00
2015.08.05 12:11:07.427,2.11898,2.11919,1.00,1.00
2015.08.05 12:11:07.933,2.11897,2.11919,1.50,1.00
2015.08.05 12:11:08.618,2.119,2.11923,1.00,1.00
2015.08.05 12:11:10.589,2.11901,2.11923,1.00,1.00
2015.08.05 12:11:12.685,2.11901,2.1192,1.00,1.00
2015.08.05 12:11:12.837,2.11899,2.1192,1.00,1.00
2015.08.05 12:11:13.384,2.119,2.1192,1.00,1.00
2015.08.05 12:11:13.485,2.11895,2.1192,1.50,1.00
2015.08.05 12:11:13.536,2.11895,2.11912,1.00,1.00
2015.08.05 12:11:13.587,2.11891,2.11912,1.00,1.00
2015.08.05 12:11:13.738,2.11887,2.11909,1.00,1.00
2015.08.05 12:11:13.789,2.11887,2.11906,1.00,1.00
2015.08.05 12:11:14.781,2.11886,2.11906,1.00,1.00
2015.08.05 12:11:16.579,2.11887,2.11906,1.00,1.00
2015.08.05 12:11:16.629,2.11887,2.11909,1.00,1.00
2015.08.05 12:11:16.680,2.1189,2.11909,1.00,1.00
2015.08.05 12:11:17.346,2.11893,2.11909,1.00,1.00
2015.08.05 12:11:17.548,2.1189,2.11909,1.00,1.00
2015.08.05 12:11:18.097,2.11891,2.11909,1.00,1.00
2015.08.05 12:11:20.203,2.11891,2.11914,1.00,1.00
2015.08.05 12:11:20.861,2.1189,2.11914,1.00,1.00
2015.08.05 12:11:21.847,2.11891,2.11914,1.00,1.00
2015.08.05 12:11:22.263,2.11888,2.11908,1.00,1.00
2015.08.05 12:11:26.326,2.11886,2.11908,1.00,1.00
2015.08.05 12:11:26.377,2.11886,2.11904,1.00,1.00
2015.08.05 12:11:26.478,2.11882,2.11904,1.00,1.00
2015.08.05 12:11:26.985,2.11883,2.11904,1.00,1.00
2015.08.05 12:11:29.840,2.11885,2.11904,1.00,1.00
2015.08.05 12:11:29.891,2.11885,2.11906,1.00,1.00
2015.08.05 12:11:30.541,2.11884,2.11906,1.00,1.00
2015.08.05 12:11:30.793,2.11883,2.11903,1.00,1.00
2015.08.05 12:11:31.391,2.11882,2.11903,1.00,1.00
2015.08.05 12:11:31.976,2.11882,2.119,1.00,1.00
2015.08.05 12:11:33.060,2.11883,2.119,1.00,1.00
2015.08.05 12:11:33.655,2.11884,2.119,1.00,1.00
2015.08.05 12:11:34.084,2.11884,2.11906,1.00,1.00
2015.08.05 12:11:34.135,2.11889,2.11906,1.00,1.00
2015.08.05 12:11:34.186,2.1189,2.11912,1.00,1.00
2015.08.05 12:11:34.590,2.11893,2.11912,1.00,1.00
2015.08.05 12:11:35.495,2.11897,2.11912,1.00,1.00
2015.08.05 12:11:35.697,2.11897,2.11916,1.00,1.00
2015.08.05 12:11:35.998,2.11894,2.11916,1.50,1.00
2015.08.05 12:11:40.519,2.11897,2.11922,1.00,1.00
2015.08.05 12:11:40.700,2.11895,2.11917,1.00,1.00
2015.08.05 12:11:44.264,2.11897,2.11917,1.00,1.00
2015.08.05 12:11:44.801,2.11897,2.11921,1.00,1.00
2015.08.05 12:11:44.902,2.11901,2.11924,1.00,1.00
2015.08.05 12:11:46.912,2.11899,2.11921,1.00,1.00
2015.08.05 12:11:47.416,2.11896,2.11919,1.00,1.00
2015.08.05 12:11:47.467,2.11891,2.11915,1.00,1.00
2015.08.05 12:11:47.518,2.11891,2.11915,1.00,1.34
2015.08.05 12:11:47.569,2.11883,2.11908,1.00,1.34
2015.08.05 12:11:47.619,2.11887,2.11909,1.00,1.34
2015.08.05 12:11:47.670,2.11876,2.119,2.62,1.00
2015.08.05 12:11:47.721,2.11878,2.11906,1.00,1.09
2015.08.05 12:11:47.772,2.11873,2.11902,1.50,1.00
2015.08.05 12:11:47.974,2.11867,2.11904,1.00,1.00
2015.08.05 12:11:48.140,2.11867,2.11902,1.00,1.00
2015.08.05 12:11:48.468,2.11867,2.11886,1.00,1.00
2015.08.05 12:11:48.923,2.11868,2.11892,1.00,1.00
2015.08.05 12:11:50.427,2.11873,2.11895,1.00,1.00
2015.08.05 12:11:50.731,2.11883,2.11905,1.00,1.00
2015.08.05 12:11:51.721,2.11871,2.11896,1.00,1.00
2015.08.05 12:11:56.102,2.11866,2.11891,1.00,1.00
2015.08.05 12:12:04.130,2.11868,2.11893,1.00,1.00
2015.08.05 12:12:11.272,2.11873,2.11896,1.50,1.00
2015.08.05 12:12:11.575,2.11885,2.11906,1.00,1.84
2015.08.05 12:12:11.677,2.11879,2.11902,1.00,1.34
2015.08.05 12:12:13.633,2.11872,2.11897,1.00,1.00
2015.08.05 12:12:13.684,2.1187,2.11892,1.50,1.00
2015.08.05 12:12:14.157,2.11867,2.1189,1.00,1.00
2015.08.05 12:12:15.460,2.11865,2.11887,1.00,1.00
2015.08.05 12:12:18.184,2.11866,2.11891,1.00,1.00
2015.08.05 12:12:18.576,2.11871,2.11896,1.00,1.00
2015.08.05 12:12:18.879,2.11877,2.11896,1.00,1.00
2015.08.05 12:12:19.031,2.11866,2.11891,1.00,1.00
2015.08.05 12:12:20.949,2.11878,2.119,1.00,1.00
2015.08.05 12:12:21.275,2.11889,2.11911,1.00,1.00
2015.08.05 12:12:22.470,2.11899,2.11922,1.00,1.34
2015.08.05 12:12:22.925,2.119,2.11925,1.00,1.00
2015.08.05 12:12:22.980,2.11905,2.11927,1.00,1.00
2015.08.05 12:12:23.477,2.11903,2.11945,1.00,1.34
2015.08.05 12:12:23.629,2.11905,2.11948,1.00,1.34
2015.08.05 12:12:23.933,2.11918,2.11943,1.00,1.00
2015.08.05 12:12:23.983,2.11909,2.11949,1.00,1.34
2015.08.05 12:12:24.034,2.11905,2.11949,2.25,1.34
2015.08.05 12:12:24.135,2.11918,2.11948,1.00,1.34
2015.08.05 12:12:24.186,2.11914,2.11945,1.00,1.34
2015.08.05 12:12:24.237,2.11908,2.1194,1.00,1.00
2015.08.05 12:12:24.491,2.11907,2.11938,1.00,1.00
2015.08.05 12:12:24.973,2.11907,2.11936,1.00,1.00
2015.08.05 12:12:25.479,2.11906,2.11936,1.50,1.00
2015.08.05 12:12:25.865,2.11906,2.11922,1.00,1.84
2015.08.05 12:12:25.916,2.11895,2.11916,1.00,1.34
2015.08.05 12:12:25.967,2.11884,2.11916,1.50,1.34
2015.08.05 12:12:26.068,2.11881,2.11912,1.00,1.00
2015.08.05 12:12:26.119,2.11873,2.11912,1.00,1.37
2015.08.05 12:12:26.170,2.11866,2.11911,1.00,1.37
2015.08.05 12:12:26.271,2.11866,2.11907,1.00,1.00
2015.08.05 12:12:26.598,2.11877,2.11905,1.00,1.00
2015.08.05 12:12:26.700,2.1186,2.11905,1.00,1.00
2015.08.05 12:12:26.751,2.11858,2.11904,1.00,1.00
2015.08.05 12:12:26.902,2.11866,2.11896,1.00,1.00
2015.08.05 12:12:27.799,2.11857,2.11888,1.00,1.00
2015.08.05 12:12:27.901,2.11856,2.11893,1.85,1.00
2015.08.05 12:12:27.952,2.11859,2.11891,1.35,1.00
2015.08.05 12:12:28.276,2.11857,2.11887,1.00,1.00
2015.08.05 12:12:28.579,2.11856,2.11883,1.00,1.00
2015.08.05 12:12:28.731,2.11853,2.11883,1.00,1.00
2015.08.05 12:12:29.338,2.11857,2.11888,1.00,1.00
2015.08.05 12:12:29.530,2.11862,2.11887,1.84,1.00
2015.08.05 12:12:29.581,2.11862,2.1189,2.59,1.50
2015.08.05 12:12:29.683,2.11878,2.11898,1.00,1.00
2015.08.05 12:12:29.784,2.1188,2.11912,1.00,1.67
2015.08.05 12:12:29.837,2.11878,2.11917,1.00,2.17
2015.08.05 12:12:29.888,2.11878,2.11913,1.00,1.00
2015.08.05 12:12:29.939,2.11867,2.11905,2.25,1.00
2015.08.05 12:12:29.990,2.11875,2.11908,1.00,1.00
2015.08.05 12:12:30.709,2.11874,2.11904,1.00,1.00
2015.08.05 12:12:30.861,2.11867,2.11899,1.00,1.00
2015.08.05 12:12:31.956,2.11871,2.11896,1.00,1.00
2015.08.05 12:12:34.257,2.11867,2.11891,1.00,1.00
2015.08.05 12:13:01.088,2.11881,2.11891,1.00,1.00
2015.08.05 12:13:01.190,2.11881,2.11899,1.50,1.00
2015.08.05 12:13:01.291,2.11881,2.11916,1.00,1.50
2015.08.05 12:13:01.431,2.11886,2.11905,1.00,1.00
2015.08.05 12:13:01.734,2.1188,2.11896,1.00,1.00
2015.08.05 12:13:01.835,2.1188,2.11899,1.00,1.00
2015.08.05 12:13:01.987,2.11867,2.11889,1.00,1.00
2015.08.05 12:13:02.239,2.11869,2.11892,1.00,1.00
2015.08.05 12:13:04.549,2.11869,2.11892,1.34,1.00
2015.08.05 12:13:04.701,2.1188,2.1191,1.00,1.00
2015.08.05 12:13:04.753,2.11881,2.11916,1.00,1.50
2015.08.05 12:13:04.905,2.11881,2.11909,1.00,1.00
2015.08.05 12:13:04.956,2.11869,2.11904,1.50,1.00
2015.08.05 12:13:05.007,2.1186,2.11894,1.50,1.00
2015.08.05 12:13:05.317,2.11873,2.11895,1.00,1.00
2015.08.05 12:13:05.468,2.1187,2.11894,1.00,1.00
2015.08.05 12:13:05.670,2.1187,2.11889,1.00,1.00
2015.08.05 12:13:05.722,2.11866,2.11889,1.00,1.00
2015.08.05 12:13:05.873,2.11866,2.11891,1.00,1.00
2015.08.05 12:13:08.750,2.11866,2.1189,1.00,1.00
2015.08.05 12:13:10.099,2.1186,2.11883,1.00,1.00
2015.08.05 12:13:13.950,2.11857,2.11881,1.00,1.00
2015.08.05 12:13:14.051,2.11866,2.1189,1.00,1.00
2015.08.05 12:13:14.355,2.11864,2.11887,1.00,1.00
2015.08.05 12:13:14.931,2.11862,2.11884,1.00,1.00
2015.08.05 12:13:16.560,2.11876,2.11892,1.00,1.00
2015.08.05 12:13:16.661,2.11876,2.11896,1.00,1.00
2015.08.05 12:13:16.712,2.11871,2.11894,1.00,1.00
2015.08.05 12:13:16.763,2.11861,2.11889,1.00,1.00
2015.08.05 12:13:16.864,2.11867,2.11892,1.00,1.00
2015.08.05 12:13:17.209,2.11862,2.11886,1.00,1.00
2015.08.05 12:13:17.512,2.11865,2.11889,1.00,1.00
2015.08.05 12:13:17.815,2.11862,2.11885,1.00,1.00
2015.08.05 12:13:24.071,2.11867,2.11886,1.00,1.00
2015.08.05 12:13:24.223,2.11864,2.11886,1.00,1.00
2015.08.05 12:13:24.324,2.11868,2.11886,1.00,1.00
2015.08.05 12:13:24.628,2.11868,2.11883,1.00,1.00
2015.08.05 12:13:24.830,2.11868,2.11885,1.00,1.00
2015.08.05 12:13:24.932,2.11868,2.11887,1.00,1.00
2015.08.05 12:13:25.166,2.11868,2.1189,1.00,1.50
2015.08.05 12:13:25.369,2.11865,2.11887,1.00,1.00
2015.08.05 12:13:29.847,2.11865,2.11886,1.00,1.00
2015.08.05 12:13:30.351,2.11864,2.11883,1.00,1.00
2015.08.05 12:13:32.052,2.11864,2.1188,1.00,1.00
2015.08.05 12:13:32.103,2.11851,2.11875,1.00,1.00
2015.08.05 12:13:32.204,2.11848,2.11873,1.00,1.00
2015.08.05 12:13:32.305,2.11852,2.11875,1.00,1.00
2015.08.05 12:13:32.877,2.11856,2.11879,1.00,1.00
2015.08.05 12:13:33.608,2.11856,2.1188,1.00,1.00
2015.08.05 12:13:34.417,2.11861,2.11884,1.00,1.00
2015.08.05 12:13:34.719,2.1187,2.11892,1.00,1.00
2015.08.05 12:13:35.022,2.11873,2.11895,1.00,1.00
2015.08.05 12:13:35.326,2.11871,2.11893,1.00,1.00
2015.08.05 12:13:37.207,2.11866,2.11889,1.00,1.00
2015.08.05 12:13:37.308,2.11873,2.11898,1.00,1.00
2015.08.05 12:13:40.951,2.11874,2.11898,1.00,1.00
2015.08.05 12:13:41.053,2.11871,2.11895,1.00,1.00
2015.08.05 12:13:42.357,2.11874,2.11898,1.00,1.00
2015.08.05 12:13:42.662,2.11872,2.11894,1.00,1.00
2015.08.05 12:13:46.213,2.11869,2.11891,1.00,1.00
2015.08.05 12:13:46.415,2.11872,2.11895,1.00,1.00
2015.08.05 12:13:52.691,2.1187,2.11892,1.00,1.00
2015.08.05 12:13:53.705,2.11871,2.11896,1.00,1.00
2015.08.05 12:13:54.463,2.11884,2.11903,1.00,1.00
2015.08.05 12:13:54.514,2.11887,2.11909,1.00,1.00
2015.08.05 12:13:54.773,2.11887,2.11916,1.00,1.50
2015.08.05 12:13:54.825,2.11887,2.1191,1.00,1.00
2015.08.05 12:13:55.128,2.11893,2.11917,1.00,1.00
2015.08.05 12:14:00.900,2.11902,2.11925,1.00,1.00
2015.08.05 12:14:01.079,2.11907,2.11931,1.00,1.00
2015.08.05 12:14:01.180,2.1191,2.11933,1.00,1.00
2015.08.05 12:14:01.383,2.11909,2.11941,1.00,1.00
2015.08.05 12:14:01.434,2.11909,2.11952,1.00,1.00
2015.08.05 12:14:01.636,2.11906,2.11952,1.00,1.00
2015.08.05 12:14:01.789,2.11904,2.11951,1.00,1.00
2015.08.05 12:14:01.840,2.11904,2.11942,1.50,1.00
2015.08.05 12:14:02.158,2.11917,2.1195,1.00,1.00
2015.08.05 12:14:02.562,2.1192,2.11952,1.00,1.00
2015.08.05 12:14:02.865,2.11929,2.11958,1.00,1.00
2015.08.05 12:14:03.169,2.1192,2.1195,1.00,1.00
2015.08.05 12:14:03.219,2.11929,2.11958,1.00,1.00
2015.08.05 12:14:03.270,2.11919,2.11951,1.00,1.00
2015.08.05 12:14:03.422,2.11926,2.11958,1.00,1.00
2015.08.05 12:14:03.726,2.11914,2.11947,1.00,1.00
2015.08.05 12:14:03.777,2.11917,2.1195,1.00,1.00
2015.08.05 12:14:03.929,2.1191,2.11952,1.00,1.00
2015.08.05 12:14:03.980,2.1191,2.11948,1.00,1.00
2015.08.05 12:14:04.283,2.11903,2.1194,1.00,1.00
2015.08.05 12:14:04.385,2.11902,2.11943,1.00,1.50
2015.08.05 12:14:04.436,2.119,2.11943,1.00,1.50
2015.08.05 12:14:04.758,2.119,2.11947,1.00,1.00
2015.08.05 12:14:05.968,2.1191,2.11947,1.00,1.00
2015.08.05 12:14:06.170,2.11924,2.11966,1.00,1.00
2015.08.05 12:14:06.322,2.11932,2.11966,1.00,1.00
2015.08.05 12:14:06.625,2.11931,2.11964,1.00,1.00
2015.08.05 12:14:06.929,2.11934,2.11965,1.00,1.00
2015.08.05 12:14:07.030,2.11924,2.11964,1.00,1.00
2015.08.05 12:14:07.558,2.11925,2.11963,1.00,1.00
2015.08.05 12:14:08.738,2.11926,2.1196,1.00,1.00
2015.08.05 12:14:10.419,2.11916,2.11961,2.17,1.00
2015.08.05 12:14:10.936,2.11916,2.1196,1.50,1.00
2015.08.05 12:14:13.874,2.11925,2.11959,1.00,1.00
2015.08.05 12:14:14.109,2.11916,2.11961,1.50,1.00
2015.08.05 12:14:14.211,2.11916,2.11965,1.50,1.00
2015.08.05 12:14:14.312,2.11916,2.11961,1.50,1.00
2015.08.05 12:14:14.514,2.11916,2.11963,1.50,1.00
2015.08.05 12:14:14.616,2.11916,2.11958,1.50,1.00
2015.08.05 12:14:14.717,2.11916,2.11963,1.50,1.00
2015.08.05 12:14:14.855,2.11904,2.11953,1.00,1.00
2015.08.05 12:14:14.906,2.11904,2.11949,1.00,1.67
2015.08.05 12:14:15.007,2.11893,2.11938,1.00,1.00
2015.08.05 12:14:15.108,2.11895,2.11931,1.00,1.00
2015.08.05 12:14:15.412,2.1189,2.11928,1.00,1.00
2015.08.05 12:14:15.462,2.11886,2.11924,1.00,1.00
2015.08.05 12:14:15.810,2.11892,2.11931,1.00,1.00
2015.08.05 12:14:16.115,2.11895,2.11931,1.00,1.00
2015.08.05 12:14:16.217,2.11893,2.1193,1.00,1.00
2015.08.05 12:14:16.319,2.11895,2.11931,1.00,1.00
2015.08.05 12:14:16.622,2.11895,2.11928,1.00,1.00
2015.08.05 12:14:16.732,2.1189,2.11928,1.00,1.00
2015.08.05 12:14:17.271,2.11889,2.11925,1.00,1.00
2015.08.05 12:14:17.423,2.11883,2.11931,1.00,1.00
2015.08.05 12:14:17.474,2.11882,2.11928,1.00,1.00
2015.08.05 12:14:17.525,2.11877,2.11928,1.50,1.50
2015.08.05 12:14:17.716,2.11881,2.11928,1.00,1.50
2015.08.05 12:14:17.817,2.11877,2.11928,1.50,1.50
2015.08.05 12:14:18.836,2.11877,2.11928,1.87,1.50
2015.08.05 12:14:19.089,2.11884,2.11932,1.00,1.00
2015.08.05 12:14:19.291,2.11884,2.11934,1.00,1.00
2015.08.05 12:14:19.648,2.11884,2.11929,1.00,1.00
2015.08.05 12:14:19.700,2.11872,2.11921,1.67,1.00
2015.08.05 12:14:19.751,2.11872,2.11921,1.00,1.00
2015.08.05 12:14:21.748,2.11883,2.11923,1.00,1.00
2015.08.05 12:14:21.799,2.11883,2.11932,1.00,1.50
2015.08.05 12:14:22.269,2.11882,2.11914,1.00,1.00
2015.08.05 12:14:22.320,2.11877,2.11914,1.00,1.00
2015.08.05 12:14:22.878,2.11865,2.11914,1.00,1.00
2015.08.05 12:14:23.030,2.11869,2.11914,1.00,1.00
2015.08.05 12:14:23.384,2.11872,2.1191,1.00,1.00
2015.08.05 12:14:23.485,2.11875,2.11915,1.00,1.00
2015.08.05 12:14:23.537,2.11875,2.1192,1.00,1.00
2015.08.05 12:14:24.042,2.11877,2.11921,1.00,1.09
2015.08.05 12:14:24.446,2.11875,2.11922,1.00,1.34
2015.08.05 12:14:24.497,2.11881,2.11922,1.00,1.34
2015.08.05 12:14:25.073,2.11885,2.11917,1.00,1.00
2015.08.05 12:14:25.125,2.11885,2.11933,1.00,1.34
2015.08.05 12:14:25.176,2.11885,2.1193,1.00,1.00
2015.08.05 12:14:25.479,2.11883,2.11911,1.00,1.00
2015.08.05 12:14:25.530,2.11878,2.11911,1.50,1.00
2015.08.05 12:14:25.581,2.1188,2.11914,1.00,1.00
2015.08.05 12:14:25.632,2.11878,2.11929,1.42,1.00
2015.08.05 12:14:25.786,2.11891,2.1193,1.00,1.00
2015.08.05 12:14:25.840,2.11891,2.1194,1.00,1.00
2015.08.05 12:14:26.880,2.11897,2.11941,1.00,1.00
2015.08.05 12:14:26.931,2.11897,2.11948,1.50,1.50
2015.08.05 12:14:27.294,2.11904,2.11948,1.00,1.00
2015.08.05 12:14:27.345,2.11904,2.11954,1.00,1.00
2015.08.05 12:14:29.139,2.11908,2.11954,1.00,1.00
2015.08.05 12:14:29.341,2.11919,2.11968,1.00,1.00
2015.08.05 12:14:29.609,2.11925,2.11976,1.00,1.67
2015.08.05 12:14:30.114,2.11934,2.11976,1.00,1.42
2015.08.05 12:14:30.165,2.11934,2.11984,1.50,1.42
2015.08.05 12:14:30.445,2.11934,2.11979,1.00,1.00
2015.08.05 12:14:30.546,2.11921,2.1197,1.00,1.00
2015.08.05 12:14:30.698,2.1192,2.11962,1.00,1.00
2015.08.05 12:14:30.748,2.11913,2.11962,1.00,1.00
2015.08.05 12:14:31.491,2.11913,2.11959,1.00,1.00
2015.08.05 12:14:31.745,2.11914,2.11964,1.00,1.00
2015.08.05 12:14:31.795,2.11913,2.11954,1.00,1.00
2015.08.05 12:14:31.846,2.1191,2.11954,1.00,1.00
2015.08.05 12:14:31.998,2.11909,2.1195,1.00,1.00
2015.08.05 12:14:32.048,2.11901,2.1195,1.00,1.00
2015.08.05 12:14:32.099,2.119,2.11942,1.00,1.00
2015.08.05 12:14:32.256,2.11896,2.11945,1.00,1.00
2015.08.05 12:14:32.510,2.11894,2.1194,1.00,1.00
2015.08.05 12:14:32.560,2.11889,2.1194,1.00,1.00
2015.08.05 12:14:33.536,2.11894,2.1194,1.00,1.00
2015.08.05 12:14:33.587,2.11895,2.11946,1.00,1.80
2015.08.05 12:14:33.940,2.11895,2.1194,1.00,1.00
2015.08.05 12:14:33.991,2.1189,2.11939,1.00,1.00
2015.08.05 12:14:34.512,2.11894,2.11939,2.00,1.00
2015.08.05 12:14:34.613,2.1191,2.11955,1.00,1.00
2015.08.05 12:14:34.866,2.1191,2.11959,1.00,1.50
2015.08.05 12:14:35.118,2.1191,2.11954,1.00,1.12
2015.08.05 12:14:35.341,2.119,2.11951,2.17,1.50
2015.08.05 12:14:35.492,2.119,2.11951,1.50,1.50
2015.08.05 12:14:35.543,2.119,2.11948,1.50,1.12
2015.08.05 12:14:35.695,2.11893,2.11944,1.50,1.50
2015.08.05 12:14:36.206,2.11901,2.11944,1.00,1.00
2015.08.05 12:14:36.307,2.11901,2.1195,1.00,1.37
2015.08.05 12:14:36.610,2.119,2.11937,1.00,1.00
2015.08.05 12:14:36.661,2.11886,2.11937,1.00,1.00
2015.08.05 12:14:36.712,2.11899,2.11938,1.00,1.00
2015.08.05 12:14:36.762,2.11899,2.11948,1.00,1.67
2015.08.05 12:14:36.939,2.11898,2.11943,1.00,1.00
2015.08.05 12:14:36.990,2.11892,2.11943,1.00,1.00
2015.08.05 12:14:37.092,2.11899,2.11944,1.00,1.00
2015.08.05 12:14:37.143,2.11899,2.11948,1.00,1.67
2015.08.05 12:14:37.294,2.11904,2.11949,1.00,1.00
2015.08.05 12:14:37.345,2.11904,2.11955,1.00,1.00
2015.08.05 12:14:37.598,2.1191,2.11956,1.00,1.00
2015.08.05 12:14:37.649,2.1191,2.11961,1.00,1.00
2015.08.05 12:14:37.700,2.11923,2.11962,1.00,1.00
2015.08.05 12:14:37.750,2.11923,2.11968,1.00,1.00
2015.08.05 12:14:38.026,2.11923,2.11972,1.00,1.37
2015.08.05 12:14:38.228,2.11923,2.11972,1.00,1.00
2015.08.05 12:14:38.279,2.11926,2.11972,1.00,1.00
2015.08.05 12:14:38.330,2.11928,2.11977,1.00,1.50
2015.08.05 12:14:38.813,2.11936,2.11986,1.00,1.67
2015.08.05 12:14:38.914,2.11936,2.11987,1.67,1.50
2015.08.05 12:14:38.965,2.11944,2.11987,1.00,1.50
2015.08.05 12:14:39.016,2.11945,2.11994,1.00,1.12
2015.08.05 12:14:40.297,2.1195,2.11995,1.00,1.00
2015.08.05 12:14:40.348,2.1195,2.12,1.00,1.00
2015.08.05 12:14:41.520,2.1195,2.11999,1.00,1.00
2015.08.05 12:14:41.570,2.1195,2.11995,1.00,1.00
2015.08.05 12:14:41.621,2.11944,2.11995,1.50,1.50
2015.08.05 12:14:41.760,2.11944,2.11995,1.50,2.17
2015.08.05 12:14:41.861,2.11932,2.1198,1.00,1.00
2015.08.05 12:14:41.912,2.11932,2.11983,1.00,1.00
2015.08.05 12:14:44.038,2.11932,2.11973,1.00,2.65
2015.08.05 12:14:44.139,2.11926,2.1196,1.00,1.00
2015.08.05 12:14:44.190,2.11909,2.1196,1.50,1.50
2015.08.05 12:14:44.241,2.11916,2.1196,1.00,1.00
2015.08.05 12:14:44.292,2.11916,2.11965,1.00,1.67
2015.08.05 12:14:44.444,2.11929,2.11967,1.00,1.00
2015.08.05 12:14:44.495,2.11929,2.11978,1.00,1.00
2015.08.05 12:14:45.128,2.11934,2.11979,1.00,1.00
2015.08.05 12:14:45.179,2.11934,2.11985,1.50,1.50
2015.08.05 12:14:45.331,2.11945,2.11985,1.00,1.00
2015.08.05 12:14:45.382,2.11945,2.1199,1.00,1.67
2015.08.05 12:14:45.906,2.11937,2.11988,1.00,1.00
2015.08.05 12:14:46.628,2.11936,2.11977,1.00,1.50
2015.08.05 12:14:46.678,2.11928,2.11977,1.00,1.50
2015.08.05 12:14:46.729,2.11926,2.11972,1.00,1.00
2015.08.05 12:14:46.780,2.11919,2.11972,1.50,1.50
2015.08.05 12:14:46.916,2.11919,2.11969,1.50,1.00
2015.08.05 12:14:47.219,2.11889,2.11933,1.00,1.00
2015.08.05 12:14:47.270,2.11882,2.11933,2.17,1.50
2015.08.05 12:14:47.422,2.11893,2.11933,1.00,1.00
2015.08.05 12:14:47.473,2.11893,2.11944,1.00,1.00
2015.08.05 12:14:47.624,2.11902,2.11945,1.00,1.00
2015.08.05 12:14:47.874,2.11902,2.11951,1.00,1.00
2015.08.05 12:14:48.447,2.11901,2.11945,1.00,1.00
2015.08.05 12:14:48.497,2.11896,2.11945,1.00,1.00
2015.08.05 12:14:48.806,2.11905,2.11945,1.00,1.00
2015.08.05 12:14:48.857,2.11906,2.11956,1.67,1.00
2015.08.05 12:14:48.958,2.1192,2.11956,1.00,1.00
2015.08.05 12:14:49.060,2.11921,2.11972,1.00,1.50
2015.08.05 12:14:49.421,2.11928,2.11973,1.00,1.50
2015.08.05 12:14:49.935,2.11928,2.11972,1.00,1.00
2015.08.05 12:14:50.249,2.11937,2.11978,1.00,1.00
2015.08.05 12:14:50.696,2.11937,2.11982,1.00,1.00
2015.08.05 12:14:50.747,2.11937,2.11985,1.00,1.00
2015.08.05 12:14:50.799,2.11937,2.11983,1.00,1.00
2015.08.05 12:14:50.901,2.11937,2.11985,1.00,1.00
2015.08.05 12:14:51.053,2.11937,2.11981,1.00,1.00
2015.08.05 12:14:51.357,2.11937,2.11988,1.00,1.00
2015.08.05 12:14:51.779,2.11937,2.1198,1.00,1.00
2015.08.05 12:14:51.830,2.11929,2.1198,2.17,1.50
2015.08.05 12:14:55.270,2.11893,2.12001,1.00,1.00
2015.08.05 12:14:55.421,2.11893,2.11997,1.00,1.00
2015.08.05 12:14:55.472,2.11882,2.11999,1.00,1.00
2015.08.05 12:14:56.104,2.11882,2.12,1.00,1.50
2015.08.05 12:14:56.309,2.11882,2.11996,1.00,1.50
2015.08.05 12:14:56.692,2.11896,2.11997,1.00,1.00
2015.08.05 12:14:56.742,2.11896,2.12019,1.00,1.00
2015.08.05 12:14:56.793,2.11898,2.1202,1.00,1.00
2015.08.05 12:14:57.206,2.11921,2.12033,1.00,1.00
2015.08.05 12:14:57.307,2.11907,2.12032,1.00,1.12
2015.08.05 12:14:57.408,2.11906,2.12041,1.00,1.00
2015.08.05 12:14:57.509,2.11891,2.12032,1.00,1.00
2015.08.05 12:14:57.693,2.1187,2.12033,1.00,1.00
2015.08.05 12:14:57.766,2.11873,2.12028,1.00,1.00
2015.08.05 12:14:57.917,2.11861,2.12029,1.00,1.00
2015.08.05 12:14:58.191,2.11861,2.12026,1.00,1.00
2015.08.05 12:14:58.493,2.11858,2.1202,1.00,1.00
2015.08.05 12:14:58.805,2.11858,2.12017,1.00,1.00
2015.08.05 12:14:59.119,2.11858,2.12008,1.00,1.00
2015.08.05 12:14:59.170,2.11852,2.12008,1.00,1.00
2015.08.05 12:14:59.271,2.11852,2.12004,1.00,1.00
2015.08.05 12:14:59.597,2.11852,2.12001,1.00,1.00
2015.08.05 12:14:59.798,2.11852,2.12005,1.00,1.00
2015.08.05 12:15:00.082,2.11852,2.12009,1.50,1.12
2015.08.05 12:15:00.234,2.11851,2.12004,1.00,1.00
2015.08.05 12:15:00.284,2.11839,2.12004,1.52,0.75
2015.08.05 12:15:00.335,2.11831,2.11981,2.69,0.75
2015.08.05 12:15:00.386,2.11818,2.11971,0.75,1.00
2015.08.05 12:15:00.551,2.11804,2.11857,0.75,0.75
2015.08.05 12:15:00.851,2.11635,2.11805,1.00,1.00
2015.08.05 12:15:00.952,2.11628,2.11848,1.00,2.29
2015.08.05 12:15:01.003,2.11628,2.11889,1.00,1.84
2015.08.05 12:15:01.054,2.11696,2.11877,0.75,1.00
2015.08.05 12:15:01.189,2.11628,2.11889,1.00,1.84
2015.08.05 12:15:01.243,2.11608,2.11875,1.00,1.00
2015.08.05 12:15:01.294,2.11702,2.1181,1.00,0.75
2015.08.05 12:15:01.475,2.11656,2.1181,0.75,0.75
2015.08.05 12:15:01.526,2.11569,2.11828,1.00,1.86
2015.08.05 12:15:01.627,2.11615,2.11795,0.75,1.00
2015.08.05 12:15:01.958,2.11586,2.11749,1.00,0.75
2015.08.05 12:15:02.083,2.11584,2.11751,1.00,0.75
2015.08.05 12:15:02.167,2.11584,2.11815,1.00,1.00
2015.08.05 12:15:02.324,2.11466,2.118,1.00,2.43
2015.08.05 12:15:02.375,2.11466,2.11834,1.00,1.42
2015.08.05 12:15:02.427,2.11591,2.11758,0.75,0.75
2015.08.05 12:15:02.727,2.116,2.11807,1.00,1.00
2015.08.05 12:15:02.836,2.11549,2.11878,1.00,1.84
2015.08.05 12:15:02.991,2.1153,2.1181,1.00,1.00
2015.08.05 12:15:03.377,2.11577,2.11815,1.00,1.00
2015.08.05 12:15:03.680,2.11615,2.11828,1.00,1.00
2015.08.05 12:15:04.000,2.11665,2.11839,1.00,1.00
2015.08.05 12:15:04.152,2.11648,2.1187,1.00,1.84
2015.08.05 12:15:04.253,2.11614,2.11871,1.00,2.02
2015.08.05 12:15:04.354,2.11619,2.11871,1.00,1.42
2015.08.05 12:15:04.686,2.11614,2.11863,1.00,2.56
2015.08.05 12:15:04.736,2.11623,2.11878,1.00,1.67
2015.08.05 12:15:04.787,2.11623,2.11869,1.00,1.00
2015.08.05 12:15:04.891,2.11622,2.119,1.00,1.82
2015.08.05 12:15:05.101,2.11646,2.11914,1.00,1.00
2015.08.05 12:15:05.152,2.11615,2.11896,1.00,1.35
2015.08.05 12:15:05.203,2.11615,2.11867,1.00,1.00
2015.08.05 12:15:05.505,2.11625,2.11794,1.00,1.00
2015.08.05 12:15:05.807,2.11658,2.11767,1.00,1.00
2015.08.05 12:15:05.861,2.11658,2.1177,1.00,1.50
2015.08.05 12:15:05.912,2.11628,2.11723,1.00,1.00
2015.08.05 12:15:06.013,2.11628,2.11758,1.00,1.00
2015.08.05 12:15:06.063,2.11663,2.11769,1.00,1.00
2015.08.05 12:15:06.114,2.11629,2.11774,1.00,1.00
2015.08.05 12:15:06.164,2.11645,2.11754,1.00,1.00
2015.08.05 12:15:06.215,2.11639,2.11767,1.00,1.12
2015.08.05 12:15:06.316,2.11625,2.11769,1.00,1.00
2015.08.05 12:15:06.366,2.11625,2.11765,1.00,1.00
2015.08.05 12:15:06.675,2.11637,2.11745,1.00,1.00
2015.08.05 12:15:06.726,2.11645,2.11773,1.00,1.00
2015.08.05 12:15:06.826,2.11651,2.11795,1.00,1.00
2015.08.05 12:15:06.877,2.11658,2.11772,1.00,1.83
2015.08.05 12:15:06.978,2.11677,2.11795,1.00,1.00
2015.08.05 12:15:07.149,2.11686,2.11824,1.00,1.00
2015.08.05 12:15:07.352,2.11686,2.11839,1.00,1.00
2015.08.05 12:15:07.402,2.11686,2.11831,1.00,1.00
2015.08.05 12:15:07.768,2.11734,2.11822,1.00,1.00
2015.08.05 12:15:08.071,2.11709,2.118,1.00,1.12
2015.08.05 12:15:08.121,2.11658,2.11784,1.37,1.37
2015.08.05 12:15:08.172,2.11658,2.11766,1.37,1.00
2015.08.05 12:15:08.223,2.11658,2.11766,1.37,1.37
2015.08.05 12:15:08.324,2.11661,2.11777,1.37,1.37
2015.08.05 12:15:08.548,2.11716,2.11827,1.37,1.37
2015.08.05 12:15:08.598,2.11716,2.11823,1.00,1.37
2015.08.05 12:15:08.649,2.1169,2.11807,1.37,1.37
2015.08.05 12:15:08.700,2.11691,2.11799,1.00,1.37
2015.08.05 12:15:08.801,2.11686,2.11794,1.00,1.37
2015.08.05 12:15:08.902,2.11677,2.11817,1.37,1.37
2015.08.05 12:15:09.002,2.11677,2.11836,1.37,1.37
2015.08.05 12:15:09.103,2.11698,2.11847,1.37,1.37
2015.08.05 12:15:09.428,2.11698,2.11817,1.37,1.00
2015.08.05 12:15:09.529,2.11684,2.11806,1.37,1.37
2015.08.05 12:15:09.631,2.11688,2.11799,1.37,1.00
2015.08.05 12:15:09.732,2.11691,2.11804,1.12,1.37
2015.08.05 12:15:09.833,2.11681,2.11805,1.37,1.00
2015.08.05 12:15:09.945,2.11681,2.11823,1.37,1.37
2015.08.05 12:15:09.996,2.11719,2.11784,1.00,1.00
2015.08.05 12:15:10.197,2.11716,2.11831,1.37,1.37
2015.08.05 12:15:10.248,2.11716,2.11831,1.37,1.37
2015.08.05 12:15:10.550,2.11752,2.11793,1.00,1.00
2015.08.05 12:15:10.727,2.11743,2.11792,1.00,1.00
2015.08.05 12:15:10.778,2.11757,2.118,1.00,1.00
2015.08.05 12:15:10.828,2.11749,2.11798,1.00,1.00
2015.08.05 12:15:10.879,2.11749,2.1179,1.00,1.00
2015.08.05 12:15:10.930,2.11738,2.11789,1.00,1.00
2015.08.05 12:15:10.981,2.11738,2.11782,1.00,1.00
2015.08.05 12:15:11.032,2.11735,2.11782,1.00,1.50
2015.08.05 12:15:11.082,2.11743,2.11782,1.00,1.00
2015.08.05 12:15:11.133,2.11743,2.11794,1.50,2.17
2015.08.05 12:15:11.504,2.11743,2.11794,2.17,1.50
2015.08.05 12:15:11.808,2.11766,2.11816,1.50,1.87
2015.08.05 12:15:12.013,2.11762,2.11824,1.00,1.05
2015.08.05 12:15:12.282,2.11755,2.11824,1.67,1.05
2015.08.05 12:15:12.438,2.11756,2.11817,1.67,1.37
2015.08.05 12:15:12.489,2.11749,2.11808,1.00,1.05
2015.08.05 12:15:12.540,2.11742,2.11808,2.17,1.05
2015.08.05 12:15:12.591,2.11753,2.11808,1.00,1.05
2015.08.05 12:15:12.959,2.11765,2.11818,1.00,1.93
2015.08.05 12:15:13.011,2.11765,2.11829,1.00,1.05
2015.08.05 12:15:13.112,2.11765,2.11826,1.00,2.11
2015.08.05 12:15:13.365,2.1181,2.11879,1.00,1.37
2015.08.05 12:15:13.466,2.11811,2.1189,1.00,1.37
2015.08.05 12:15:13.752,2.11834,2.1189,1.00,1.37
2015.08.05 12:15:13.854,2.11816,2.11892,1.00,1.37
2015.08.05 12:15:13.905,2.11821,2.11892,1.82,1.37
2015.08.05 12:15:14.107,2.11783,2.11877,2.43,1.37
2015.08.05 12:15:14.158,2.11783,2.11876,2.43,1.37
2015.08.05 12:15:14.259,2.11777,2.11885,1.37,1.37
2015.08.05 12:15:14.383,2.11777,2.11885,1.00,1.37
2015.08.05 12:15:14.687,2.11767,2.11845,1.00,1.05
2015.08.05 12:15:14.738,2.11749,2.11845,1.00,1.05
2015.08.05 12:15:14.839,2.11738,2.11839,1.00,1.37
2015.08.05 12:15:14.890,2.11743,2.11828,1.00,1.37
2015.08.05 12:15:14.940,2.11743,2.11827,1.37,1.00
2015.08.05 12:15:15.114,2.11725,2.11824,1.37,1.00
2015.08.05 12:15:15.165,2.11732,2.11822,1.00,1.00
2015.08.05 12:15:15.267,2.11725,2.11822,1.37,1.00
2015.08.05 12:15:15.368,2.11725,2.11809,1.00,1.37
2015.08.05 12:15:15.570,2.11702,2.11788,1.00,1.00
2015.08.05 12:15:15.621,2.1171,2.11788,1.00,1.00
2015.08.05 12:15:15.672,2.11712,2.11799,1.37,1.00
2015.08.05 12:15:15.848,2.11716,2.11815,1.12,1.37
2015.08.05 12:15:15.950,2.11716,2.11815,1.37,1.12
2015.08.05 12:15:16.254,2.11704,2.11803,1.00,1.37
2015.08.05 12:15:16.571,2.11744,2.11833,1.37,1.00
2015.08.05 12:15:16.622,2.11741,2.1184,1.37,1.37
2015.08.05 12:15:16.673,2.11741,2.1184,1.12,1.37
2015.08.05 12:15:16.733,2.11741,2.1184,1.37,1.00
2015.08.05 12:15:16.784,2.11747,2.11836,1.00,1.00
2015.08.05 12:15:16.885,2.11748,2.11838,1.00,1.50
2015.08.05 12:15:16.936,2.11738,2.11837,1.00,1.00
2015.08.05 12:15:17.037,2.11738,2.11834,1.00,1.05
2015.08.05 12:15:17.138,2.11729,2.11828,1.50,1.50
2015.08.05 12:15:17.252,2.11735,2.11828,1.05,1.50
2015.08.05 12:15:17.353,2.1175,2.11839,1.05,1.00
2015.08.05 12:15:17.404,2.11757,2.11833,1.00,1.12
2015.08.05 12:15:17.556,2.11746,2.11833,1.00,1.12
2015.08.05 12:15:17.607,2.11746,2.11831,1.00,1.00
2015.08.05 12:15:17.759,2.11745,2.11843,1.50,1.50
2015.08.05 12:15:18.107,2.11745,2.11835,1.87,1.12
2015.08.05 12:15:18.411,2.11731,2.1181,1.00,1.37
2015.08.05 12:15:18.563,2.11715,2.11805,1.50,1.37
2015.08.05 12:15:18.729,2.11746,2.11806,1.00,1.37
2015.08.05 12:15:18.783,2.11757,2.11814,1.87,1.00
2015.08.05 12:15:18.884,2.11774,2.1184,1.00,1.00
2015.08.05 12:15:18.935,2.11774,2.11843,1.00,1.00
2015.08.05 12:15:19.040,2.11749,2.11843,1.87,1.37
2015.08.05 12:15:19.091,2.11749,2.11836,1.87,1.12
2015.08.05 12:15:19.192,2.11749,2.1184,1.37,1.37
2015.08.05 12:15:19.566,2.11747,2.11841,1.50,1.12
2015.08.05 12:15:19.617,2.11747,2.11829,1.00,1.12
2015.08.05 12:15:19.669,2.11736,2.11829,1.05,1.50
2015.08.05 12:15:19.770,2.11727,2.11829,1.05,1.12
2015.08.05 12:15:19.821,2.11738,2.11796,1.37,1.00
2015.08.05 12:15:19.872,2.11738,2.11796,1.00,1.00
2015.08.05 12:15:19.923,2.11739,2.11791,1.00,1.00
2015.08.05 12:15:19.974,2.11702,2.11807,1.37,1.87
2015.08.05 12:15:20.296,2.11683,2.11789,1.37,1.00
2015.08.05 12:15:20.397,2.11685,2.11786,1.00,1.37
2015.08.05 12:15:20.499,2.11686,2.11785,1.00,1.37
2015.08.05 12:15:20.652,2.11686,2.11785,1.87,1.00
2015.08.05 12:15:20.702,2.11702,2.11785,1.00,1.00
2015.08.05 12:15:20.753,2.11703,2.11801,1.00,1.37
2015.08.05 12:15:20.967,2.11696,2.11792,1.00,1.37
2015.08.05 12:15:21.069,2.11696,2.11792,1.00,1.37
2015.08.05 12:15:21.372,2.11737,2.11821,1.00,1.37
2015.08.05 12:15:21.473,2.11705,2.11795,1.12,1.05
2015.08.05 12:15:21.524,2.11705,2.11784,1.12,1.00
2015.08.05 12:15:21.575,2.11698,2.11782,1.37,1.00
2015.08.05 12:15:21.742,2.1169,2.11779,1.37,1.12
2015.08.05 12:15:21.793,2.11691,2.11779,1.00,1.37
2015.08.05 12:15:22.096,2.11666,2.11742,1.37,1.50
2015.08.05 12:15:22.419,2.11672,2.11756,1.00,1.87
2015.08.05 12:15:22.521,2.11681,2.11756,1.00,1.37
2015.08.05 12:15:22.622,2.11681,2.11753,1.00,1.00
2015.08.05 12:15:22.673,2.11678,2.11753,1.00,1.00
2015.08.05 12:15:22.775,2.1168,2.11757,1.00,1.00
2015.08.05 12:15:22.826,2.11677,2.11749,1.00,1.00
2015.08.05 12:15:23.155,2.11665,2.11715,1.00,1.50
2015.08.05 12:15:23.207,2.11632,2.11727,1.00,1.37
2015.08.05 12:15:23.259,2.11654,2.11729,2.33,1.37
2015.08.05 12:15:23.311,2.11654,2.11729,2.33,1.00
2015.08.05 12:15:23.362,2.11655,2.11731,1.92,1.00
2015.08.05 12:15:23.413,2.11662,2.11736,1.67,1.00
2015.08.05 12:15:23.514,2.11682,2.11761,1.00,1.00
2015.08.05 12:15:23.615,2.11683,2.11754,1.00,1.00
2015.08.05 12:15:23.766,2.11672,2.11761,1.00,1.37
2015.08.05 12:15:23.888,2.1167,2.11759,1.00,1.37
2015.08.05 12:15:23.939,2.1166,2.11759,1.12,1.37
2015.08.05 12:15:24.090,2.11666,2.11759,1.12,1.00
2015.08.05 12:15:24.393,2.11685,2.11782,1.42,1.37
2015.08.05 12:15:24.679,2.11694,2.11791,1.00,1.37
2015.08.05 12:15:24.733,2.11694,2.11791,1.00,1.37
2015.08.05 12:15:25.037,2.11707,2.11791,1.00,1.37
2015.08.05 12:15:25.138,2.11692,2.11783,2.17,1.00
2015.08.05 12:15:25.190,2.11698,2.11783,1.00,1.37
2015.08.05 12:15:25.408,2.11695,2.11785,1.05,1.50
2015.08.05 12:15:25.509,2.11707,2.11786,1.00,1.37
2015.08.05 12:15:25.611,2.11698,2.11782,1.00,1.37
2015.08.05 12:15:25.712,2.11686,2.11772,1.00,1.37
2015.08.05 12:15:25.814,2.11678,2.11772,1.00,1.37
2015.08.05 12:15:25.918,2.11672,2.11769,1.37,1.87
2015.08.05 12:15:26.021,2.11672,2.11756,1.00,1.37
2015.08.05 12:15:26.197,2.11652,2.11749,1.67,1.00
2015.08.05 12:15:26.299,2.11658,2.11755,1.00,1.12
2015.08.05 12:15:26.351,2.11658,2.11753,1.00,1.00
2015.08.05 12:15:26.659,2.11664,2.11751,1.00,1.00
2015.08.05 12:15:26.710,2.11664,2.11763,1.00,1.37
2015.08.05 12:15:26.884,2.11675,2.11764,1.00,1.87
2015.08.05 12:15:26.937,2.11689,2.11781,1.00,1.37
2015.08.05 12:15:26.992,2.11708,2.11781,1.67,1.37
2015.08.05 12:15:27.093,2.11707,2.11769,1.00,1.00
2015.08.05 12:15:27.144,2.11697,2.11734,1.00,1.00
2015.08.05 12:15:27.246,2.11641,2.11742,1.37,1.37
2015.08.05 12:15:27.398,2.11656,2.11728,1.37,1.00
2015.08.05 12:15:27.450,2.11678,2.11752,1.00,1.50
2015.08.05 12:15:27.501,2.11688,2.11759,1.00,1.12
2015.08.05 12:15:27.663,2.11683,2.11768,1.37,1.00
2015.08.05 12:15:27.714,2.11683,2.11768,1.00,1.37
2015.08.05 12:15:27.764,2.11679,2.11763,1.00,1.37
2015.08.05 12:15:27.815,2.11668,2.1175,1.05,1.67
2015.08.05 12:15:27.916,2.11675,2.11742,1.00,1.00
2015.08.05 12:15:28.219,2.11681,2.1175,1.00,1.67
2015.08.05 12:15:28.550,2.11683,2.11752,1.50,1.87
2015.08.05 12:15:28.651,2.11676,2.11745,1.42,1.00
2015.08.05 12:15:28.702,2.11676,2.11745,1.00,1.37
2015.08.05 12:15:29.084,2.11643,2.11662,1.00,1.00
2015.08.05 12:15:29.138,2.11613,2.11644,1.00,1.00
2015.08.05 12:15:29.240,2.11612,2.11655,1.00,1.37
2015.08.05 12:15:29.443,2.11614,2.11656,1.00,1.05
2015.08.05 12:15:29.545,2.11614,2.11675,1.00,1.37
2015.08.05 12:15:29.747,2.11614,2.11675,1.00,1.00
2015.08.05 12:15:29.919,2.11614,2.11684,1.00,1.80
2015.08.05 12:15:30.021,2.11614,2.11679,1.00,1.05
2015.08.05 12:15:30.425,2.11615,2.11695,1.00,1.05
2015.08.05 12:15:30.746,2.11615,2.11695,1.12,1.05
2015.08.05 12:15:30.949,2.11616,2.11699,1.12,1.05
2015.08.05 12:15:31.050,2.11616,2.11699,1.37,1.05
2015.08.05 12:15:31.252,2.11616,2.11696,1.00,1.05
2015.08.05 12:15:31.627,2.11616,2.11707,1.37,1.05
2015.08.05 12:15:31.829,2.11616,2.11707,1.37,1.39
2015.08.05 12:15:32.132,2.11621,2.11681,1.34,1.37
2015.08.05 12:15:32.276,2.11622,2.11685,1.34,1.00
2015.08.05 12:15:32.378,2.11624,2.11691,1.34,1.37
2015.08.05 12:15:32.428,2.11641,2.11708,1.00,1.71
2015.08.05 12:15:32.479,2.11636,2.11699,1.00,1.00
2015.08.05 12:15:32.631,2.11634,2.11697,1.00,1.00
2015.08.05 12:15:32.833,2.11632,2.11701,1.00,2.21
2015.08.05 12:15:32.934,2.11638,2.11706,1.00,1.39
2015.08.05 12:15:33.250,2.1165,2.11707,1.00,1.71
2015.08.05 12:15:33.553,2.11622,2.11688,1.00,1.71
2015.08.05 12:15:33.604,2.1162,2.11683,1.00,1.00
2015.08.05 12:15:33.705,2.1162,2.11698,1.00,1.37
2015.08.05 12:15:33.756,2.1162,2.11698,1.00,1.37
2015.08.05 12:15:33.914,2.11629,2.11708,1.00,1.71
2015.08.05 12:15:34.065,2.11617,2.11695,1.67,1.12
2015.08.05 12:15:34.116,2.11631,2.11697,1.00,1.87
2015.08.05 12:15:34.268,2.11624,2.117,1.00,1.37
2015.08.05 12:15:34.318,2.11629,2.117,1.00,1.37
2015.08.05 12:15:34.664,2.11619,2.11676,1.00,1.00
2015.08.05 12:15:34.715,2.11612,2.11678,1.67,1.00
2015.08.05 12:15:34.766,2.11627,2.11687,1.00,1.34
2015.08.05 12:15:34.867,2.11625,2.11687,1.42,1.34
2015.08.05 12:15:34.918,2.11626,2.11689,1.39,1.34
2015.08.05 12:15:35.222,2.11646,2.11691,1.67,1.00
2015.08.05 12:15:35.398,2.11646,2.11697,1.67,1.00
2015.08.05 12:15:35.550,2.11646,2.11697,1.00,1.67
2015.08.05 12:15:35.753,2.11637,2.11686,1.42,1.00
2015.08.05 12:15:35.804,2.11648,2.11688,1.00,1.34
2015.08.05 12:15:35.956,2.11629,2.11671,1.00,1.00
2015.08.05 12:15:36.007,2.11627,2.11671,1.00,1.34
2015.08.05 12:15:36.183,2.11622,2.11671,1.00,1.34
2015.08.05 12:15:36.285,2.11622,2.11671,1.00,1.37
2015.08.05 12:15:36.489,2.11615,2.11669,1.00,1.00
2015.08.05 12:15:36.540,2.11614,2.11667,1.00,1.89
2015.08.05 12:15:36.641,2.11615,2.11668,1.00,1.67
2015.08.05 12:15:36.742,2.11615,2.11653,1.00,1.00
2015.08.05 12:15:36.867,2.11615,2.11661,1.00,1.00
2015.08.05 12:15:37.425,2.11615,2.11662,1.00,1.00
2015.08.05 12:15:37.476,2.11614,2.11672,1.00,1.00
2015.08.05 12:15:37.971,2.11614,2.11677,1.00,1.50
2015.08.05 12:15:38.022,2.11614,2.1167,1.00,1.00
2015.08.05 12:15:39.126,2.11614,2.11671,1.00,1.00
2015.08.05 12:15:39.290,2.11614,2.11677,1.00,1.00
2015.08.05 12:15:39.493,2.11611,2.11677,1.05,1.00
2015.08.05 12:15:39.544,2.11632,2.11678,1.00,1.00
2015.08.05 12:15:39.595,2.11632,2.11699,1.00,1.00
2015.08.05 12:15:39.696,2.11609,2.11705,1.00,1.37
2015.08.05 12:15:39.797,2.11609,2.11707,1.00,1.05
2015.08.05 12:15:40.119,2.11616,2.11708,1.00,1.87
2015.08.05 12:15:40.170,2.11619,2.11708,1.37,1.50
2015.08.05 12:15:40.221,2.11629,2.11708,1.00,1.00
2015.08.05 12:15:40.271,2.11631,2.1172,1.05,1.00
2015.08.05 12:15:40.792,2.11636,2.1173,1.00,1.37
2015.08.05 12:15:40.843,2.11634,2.11721,1.00,1.37
2015.08.05 12:15:40.894,2.11629,2.11721,1.37,1.37
2015.08.05 12:15:40.945,2.11633,2.11723,1.00,1.37
2015.08.05 12:15:41.255,2.11633,2.1173,1.67,1.37
2015.08.05 12:15:41.580,2.11646,2.11736,1.00,1.37
2015.08.05 12:15:41.883,2.11644,2.11736,1.37,1.42
2015.08.05 12:15:41.934,2.11658,2.11737,1.00,1.01
2015.08.05 12:15:42.354,2.11647,2.11739,1.37,1.01
2015.08.05 12:15:42.506,2.11647,2.1173,1.00,1.05
2015.08.05 12:15:42.608,2.11647,2.11727,1.00,1.37
2015.08.05 12:15:42.710,2.11656,2.11737,1.46,1.50
2015.08.05 12:15:42.812,2.11656,2.1174,2.14,1.50
2015.08.05 12:15:42.863,2.11661,2.11744,1.37,1.00
2015.08.05 12:15:42.965,2.11661,2.11752,1.00,1.71
2015.08.05 12:15:43.176,2.11658,2.11746,1.00,1.87
2015.08.05 12:15:43.278,2.11654,2.11746,1.71,1.37
2015.08.05 12:15:43.329,2.11658,2.1175,1.00,1.71
2015.08.05 12:15:43.632,2.11658,2.1175,1.37,1.71
2015.08.05 12:15:43.948,2.11658,2.11749,1.37,2.14
2015.08.05 12:15:43.999,2.11662,2.1175,1.71,1.00
2015.08.05 12:15:44.050,2.11693,2.11753,1.84,1.00
2015.08.05 12:15:44.100,2.117,2.11755,1.01,1.00
2015.08.05 12:15:44.151,2.117,2.11757,1.01,1.00
2015.08.05 12:15:44.202,2.11698,2.11765,1.34,1.00
2015.08.05 12:15:44.304,2.11697,2.11765,1.84,1.00
2015.08.05 12:15:44.820,2.11702,2.11766,1.34,1.00
2015.08.05 12:15:45.022,2.11704,2.11765,1.34,1.00
2015.08.05 12:15:45.225,2.11701,2.11766,1.00,1.00
2015.08.05 12:15:45.275,2.11704,2.11766,1.00,1.67
2015.08.05 12:15:45.485,2.11679,2.11752,1.37,1.00
2015.08.05 12:15:45.536,2.1169,2.11752,1.84,1.00
2015.08.05 12:15:45.587,2.11692,2.11765,1.71,1.00
2015.08.05 12:15:45.638,2.11712,2.11765,1.00,1.00
2015.08.05 12:15:45.891,2.11684,2.11752,1.50,1.00
2015.08.05 12:15:45.992,2.11684,2.11758,1.00,1.01
2015.08.05 12:15:46.043,2.11685,2.11763,1.34,1.87
2015.08.05 12:15:46.094,2.11685,2.11763,1.34,1.50
2015.08.05 12:15:46.388,2.11691,2.11766,1.34,1.50
2015.08.05 12:15:46.691,2.11693,2.11764,1.34,1.00
2015.08.05 12:15:46.792,2.11693,2.11766,1.34,1.00
2015.08.05 12:15:47.127,2.117,2.11743,1.00,1.00
2015.08.05 12:15:47.228,2.11694,2.11742,1.00,1.00
2015.08.05 12:15:47.279,2.11696,2.11738,1.00,1.00
2015.08.05 12:15:47.330,2.11687,2.11747,1.34,1.00
2015.08.05 12:15:47.431,2.11682,2.11741,1.34,1.00
2015.08.05 12:15:47.482,2.1169,2.11745,1.00,1.50
2015.08.05 12:15:47.533,2.11693,2.1175,1.00,1.12
2015.08.05 12:15:47.634,2.11696,2.11748,1.00,1.00
2015.08.05 12:15:47.986,2.11686,2.11737,1.34,1.00
2015.08.05 12:15:48.289,2.11678,2.11718,1.00,1.00
2015.08.05 12:15:48.390,2.11663,2.11721,1.00,1.00
2015.08.05 12:15:48.441,2.11672,2.11741,1.00,1.39
2015.08.05 12:15:48.492,2.11672,2.11736,1.50,1.09
2015.08.05 12:15:48.543,2.11672,2.11741,1.00,1.37
2015.08.05 12:15:48.710,2.11673,2.11746,1.00,1.80
2015.08.05 12:15:49.216,2.11673,2.11746,1.00,1.80
2015.08.05 12:15:49.407,2.11673,2.11742,1.00,1.50
2015.08.05 12:15:49.738,2.11673,2.11735,1.00,1.12
2015.08.05 12:15:50.041,2.1168,2.11731,1.00,1.00
2015.08.05 12:15:50.346,2.11684,2.11733,1.00,1.00
2015.08.05 12:15:50.668,2.11694,2.11734,1.84,1.00
2015.08.05 12:15:50.770,2.117,2.11736,1.09,1.00
2015.08.05 12:15:50.974,2.11694,2.11736,1.67,1.00
2015.08.05 12:15:51.025,2.1169,2.11735,1.00,1.00
2015.08.05 12:15:51.446,2.11684,2.11735,1.34,1.00
2015.08.05 12:15:51.758,2.1169,2.11735,1.00,1.00
2015.08.05 12:15:51.859,2.11678,2.11731,1.00,1.00
2015.08.05 12:15:51.910,2.11675,2.11722,1.00,1.00
2015.08.05 12:15:52.013,2.11673,2.11721,1.00,1.00
2015.08.05 12:15:52.114,2.11673,2.11727,1.00,1.00
2015.08.05 12:15:52.264,2.11673,2.11712,1.00,1.00
2015.08.05 12:15:52.315,2.11667,2.11712,1.00,1.00
2015.08.05 12:15:52.366,2.11653,2.11712,1.00,1.00
2015.08.05 12:15:52.417,2.11657,2.11719,1.00,1.00
2015.08.05 12:15:52.670,2.11655,2.11716,1.00,1.00
2015.08.05 12:15:52.994,2.11665,2.11718,1.00,1.09
2015.08.05 12:15:53.045,2.11658,2.11715,1.50,1.00
2015.08.05 12:15:53.096,2.11663,2.11706,1.00,1.00
2015.08.05 12:15:53.249,2.11644,2.11695,1.00,1.00
2015.08.05 12:15:53.300,2.11643,2.117,1.00,1.00
2015.08.05 12:15:53.401,2.1164,2.11701,1.50,1.00
2015.08.05 12:15:53.553,2.11643,2.11701,1.00,1.00
2015.08.05 12:15:53.870,2.1165,2.117,1.00,1.00
2015.08.05 12:15:53.971,2.11655,2.11706,1.00,1.00
2015.08.05 12:15:54.123,2.11647,2.11706,1.50,1.00
2015.08.05 12:15:54.174,2.11651,2.11712,1.00,1.00
2015.08.05 12:15:54.275,2.11672,2.11727,1.67,1.00
2015.08.05 12:15:54.377,2.11672,2.11733,1.00,1.00
2015.08.05 12:15:54.543,2.11675,2.11734,1.00,1.00
2015.08.05 12:15:54.847,2.11674,2.1173,1.50,1.00
2015.08.05 12:15:55.167,2.11674,2.11725,1.50,1.00
2015.08.05 12:15:55.339,2.11668,2.11725,1.00,1.00
2015.08.05 12:15:55.390,2.11668,2.11727,1.00,1.00
2015.08.05 12:15:55.492,2.11668,2.11724,1.00,1.00
2015.08.05 12:15:55.846,2.11672,2.1173,1.00,1.00
2015.08.05 12:15:55.897,2.11678,2.1173,1.00,1.00
2015.08.05 12:15:56.257,2.11677,2.11727,1.00,1.00
2015.08.05 12:15:56.309,2.11661,2.1172,1.12,1.00
2015.08.05 12:15:56.512,2.11667,2.11725,1.00,1.00
2015.08.05 12:15:56.815,2.11671,2.11727,1.12,1.00
2015.08.05 12:15:57.046,2.1167,2.11729,1.50,1.00
2015.08.05 12:15:57.097,2.11673,2.11729,1.00,1.00
2015.08.05 12:15:57.148,2.11673,2.11731,1.42,1.00
2015.08.05 12:15:57.249,2.11673,2.11734,2.92,1.00
2015.08.05 12:15:57.403,2.11684,2.11735,1.00,1.00
2015.08.05 12:15:57.708,2.11679,2.11708,1.00,1.00
2015.08.05 12:15:57.874,2.11664,2.11709,1.00,1.00
2015.08.05 12:15:57.926,2.11668,2.11721,1.50,1.00
2015.08.05 12:15:58.078,2.11664,2.11721,1.00,1.50
2015.08.05 12:15:58.129,2.11674,2.11721,1.34,1.00
2015.08.05 12:15:58.433,2.11681,2.11735,1.00,1.00
2015.08.05 12:15:58.484,2.11676,2.11731,1.00,1.00
2015.08.05 12:15:58.667,2.11673,2.11731,1.00,1.00
2015.08.05 12:15:58.719,2.11676,2.11734,1.00,1.00
2015.08.05 12:15:59.022,2.11687,2.11726,1.00,1.00
2015.08.05 12:15:59.124,2.11687,2.11736,1.00,1.00
2015.08.05 12:15:59.376,2.11682,2.11733,1.00,1.00
2015.08.05 12:15:59.599,2.11682,2.11725,1.00,1.00
2015.08.05 12:16:00.105,2.11682,2.11721,1.00,1.00
2015.08.05 12:16:00.206,2.1168,2.11721,1.00,1.00
2015.08.05 12:16:00.257,2.1168,2.11724,1.00,1.00
2015.08.05 12:16:00.309,2.11676,2.11724,1.00,1.00
2015.08.05 12:16:00.360,2.11672,2.11724,1.50,1.00
2015.08.05 12:16:00.479,2.1168,2.11715,1.00,1.00
2015.08.05 12:16:00.581,2.11681,2.11723,1.00,1.00
2015.08.05 12:16:00.683,2.11685,2.11727,1.00,1.00
2015.08.05 12:16:00.993,2.11689,2.11726,1.00,1.00
2015.08.05 12:16:01.095,2.1168,2.11726,1.00,1.00
2015.08.05 12:16:01.258,2.11673,2.1172,1.00,1.00
2015.08.05 12:16:01.363,2.11673,2.11726,1.00,1.00
2015.08.05 12:16:01.464,2.11669,2.11708,1.00,1.00
2015.08.05 12:16:01.669,2.11647,2.11694,1.00,1.00
2015.08.05 12:16:01.871,2.11647,2.11696,1.00,1.00
2015.08.05 12:16:02.086,2.11647,2.11698,1.00,1.00
2015.08.05 12:16:02.197,2.11654,2.11698,1.00,1.00
2015.08.05 12:16:02.299,2.11652,2.11698,1.00,1.00
2015.08.05 12:16:02.401,2.11648,2.11698,1.00,1.00
2015.08.05 12:16:02.603,2.11643,2.11698,1.42,1.00
2015.08.05 12:16:02.805,2.11648,2.11698,1.00,1.00
2015.08.05 12:16:02.856,2.11648,2.11701,1.00,1.00
2015.08.05 12:16:03.284,2.11652,2.11701,1.00,1.00
2015.08.05 12:16:03.386,2.11648,2.11701,1.00,1.00
2015.08.05 12:16:03.436,2.11648,2.11698,1.50,1.00
2015.08.05 12:16:03.901,2.11648,2.11695,1.50,1.00
2015.08.05 12:16:04.003,2.11648,2.11697,1.50,1.00
2015.08.05 12:16:04.306,2.11654,2.11699,1.00,1.00
2015.08.05 12:16:04.660,2.11654,2.11701,1.00,1.00
2015.08.05 12:16:04.920,2.11663,2.117,1.00,1.00
