2010.05.03 08:00:24.086,1.64475,1.64545,1.40,1.40
2010.05.03 08:00:27.917,1.64485,1.6456,1.40,1.40
2010.05.03 08:00:28.017,1.64495,1.64565,1.40,1.40
2010.05.03 08:00:28.116,1.64485,1.6456,1.40,1.40
2010.05.03 08:00:28.216,1.64495,1.64565,1.40,1.40
2010.05.03 08:00:28.756,1.64505,1.64575,1.40,1.40
2010.05.03 08:00:29.026,1.645,1.6457,1.40,1.40
2010.05.03 08:00:29.976,1.64505,1.64575,1.40,1.40
2010.05.03 08:00:30.506,1.6451,1.6458,1.40,1.40
2010.05.03 08:00:30.842,1.64515,1.64585,1.40,1.40
2010.05.03 08:00:33.096,1.6451,1.6458,1.40,1.40
2010.05.03 08:00:33.476,1.64505,1.64575,1.40,1.40
2010.05.03 08:00:34.116,1.645,1.6457,1.40,1.40
2010.05.03 08:00:39.326,1.64495,1.64565,1.40,1.40
2010.05.03 08:00:39.716,1.645,1.6457,1.40,1.40
2010.05.03 08:01:01.556,1.64505,1.64575,1.40,1.40
2010.05.03 08:01:03.676,1.64515,1.64585,1.40,1.40
2010.05.03 08:01:04.076,1.6452,1.6459,1.40,1.40
2010.05.03 08:01:04.787,1.64515,1.64585,1.40,1.40
2010.05.03 08:01:04.986,1.6452,1.6459,1.40,1.40
2010.05.03 08:01:09.276,1.64545,1.6462,1.40,1.40
2010.05.03 08:01:09.556,1.6452,1.6459,1.40,1.40
2010.05.03 08:01:10.236,1.6453,1.646,1.40,1.40
2010.05.03 08:01:17.216,1.64525,1.64595,1.40,1.40
2010.05.03 08:01:18.506,1.6452,1.6459,1.40,1.40
2010.05.03 08:01:32.077,1.64515,1.64585,1.40,1.40
2010.05.03 08:01:32.837,1.6451,1.6458,1.40,1.40
2010.05.03 08:01:37.643,1.64515,1.64585,1.40,1.40
2010.05.03 08:01:38.232,1.6451,1.6458,1.40,1.40
2010.05.03 08:02:05.636,1.645,1.6457,1.40,1.40
2010.05.03 08:02:09.556,1.6449,1.64565,1.40,1.40
2010.05.03 08:02:19.837,1.64495,1.64565,1.40,1.40
2010.05.03 08:02:22.286,1.6449,1.64565,1.40,1.40
2010.05.03 08:02:23.096,1.645,1.6457,1.40,1.40
2010.05.03 08:02:28.406,1.6451,1.6458,1.40,1.40
2010.05.03 08:02:29.946,1.64515,1.64585,1.40,1.40
2010.05.03 08:02:30.693,1.6451,1.6458,1.40,1.40
2010.05.03 08:02:30.986,1.64505,1.64575,1.40,1.40
2010.05.03 08:02:31.276,1.645,1.6457,1.40,1.40
2010.05.03 08:02:32.496,1.64505,1.64575,1.40,1.40
2010.05.03 08:02:32.956,1.6451,1.6458,1.40,1.40
2010.05.03 08:02:37.948,1.64515,1.64585,1.40,1.40
2010.05.03 08:02:38.916,1.6452,1.6459,1.40,1.40
2010.05.03 08:02:40.476,1.6453,1.646,1.40,1.40
2010.05.03 08:02:40.786,1.64525,1.64595,1.40,1.40
2010.05.03 08:02:41.344,1.6453,1.646,1.40,1.40
2010.05.03 08:02:44.846,1.64535,1.64605,1.40,1.40
2010.05.03 08:02:48.156,1.6453,1.646,1.40,1.40
2010.05.03 08:02:49.237,1.64535,1.64605,1.40,1.40
2010.05.03 08:02:56.736,1.6454,1.6461,1.40,1.40
2010.05.03 08:02:57.416,1.6455,1.6462,1.40,1.40
2010.05.03 08:03:00.606,1.64545,1.64615,1.40,1.40
2010.05.03 08:03:02.476,1.6455,1.6462,1.40,1.40
2010.05.03 08:03:03.311,1.64555,1.64625,1.40,1.40
2010.05.03 08:03:06.166,1.6455,1.6462,1.40,1.40
2010.05.03 08:03:07.716,1.64545,1.64615,1.40,1.40
2010.05.03 08:03:09.322,1.64555,1.64625,1.40,1.40
2010.05.03 08:03:12.666,1.6455,1.6462,1.40,1.40
2010.05.03 08:03:15.846,1.64555,1.64625,1.40,1.40
2010.05.03 08:03:16.996,1.6456,1.6463,1.40,1.40
2010.05.03 08:03:17.403,1.64565,1.64635,1.40,1.40
2010.05.03 08:03:17.956,1.6457,1.6464,1.40,1.40
2010.05.03 08:03:18.960,1.64565,1.64635,1.40,1.40
2010.05.03 08:03:19.387,1.6456,1.6463,1.40,1.40
2010.05.03 08:03:20.246,1.64555,1.64625,1.40,1.40
2010.05.03 08:03:20.586,1.6455,1.6462,1.40,1.40
2010.05.03 08:03:21.386,1.6456,1.6463,1.40,1.40
2010.05.03 08:03:21.846,1.64565,1.64635,1.40,1.40
2010.05.03 08:03:22.657,1.64575,1.64645,1.40,1.40
2010.05.03 08:03:22.786,1.6456,1.6463,1.40,1.40
2010.05.03 08:03:23.226,1.64555,1.64625,1.40,1.40
2010.05.03 08:03:23.536,1.6455,1.6462,1.40,1.40
2010.05.03 08:03:26.787,1.6456,1.6463,1.40,1.40
2010.05.03 08:03:27.046,1.6455,1.6462,1.40,1.40
2010.05.03 08:03:27.646,1.64555,1.64625,1.40,1.40
2010.05.03 08:03:31.516,1.64565,1.64635,1.40,1.40
2010.05.03 08:03:31.706,1.6456,1.6463,1.40,1.40
2010.05.03 08:03:32.578,1.6455,1.6462,1.40,1.40
2010.05.03 08:03:34.747,1.64555,1.64625,1.40,1.40
2010.05.03 08:03:36.587,1.6457,1.6464,1.40,1.40
2010.05.03 08:03:37.247,1.64565,1.64635,1.40,1.40
2010.05.03 08:03:37.467,1.64555,1.64625,1.40,1.40
2010.05.03 08:03:37.687,1.64545,1.64615,1.40,1.40
2010.05.03 08:03:39.548,1.6455,1.64625,1.40,1.40
2010.05.03 08:03:39.706,1.64545,1.64615,1.40,1.40
2010.05.03 08:03:40.366,1.6455,1.6462,1.40,1.40
2010.05.03 08:03:40.706,1.64555,1.64625,1.40,1.40
2010.05.03 08:03:41.337,1.6456,1.6463,1.40,1.40
2010.05.03 08:03:41.627,1.64565,1.64635,1.40,1.40
2010.05.03 08:03:43.296,1.6457,1.6464,1.40,1.40
2010.05.03 08:03:44.386,1.6456,1.6463,1.40,1.40
2010.05.03 08:03:44.866,1.64555,1.64625,1.40,1.40
2010.05.03 08:03:45.802,1.6455,1.6462,1.40,1.40
2010.05.03 08:03:47.636,1.64555,1.64625,1.40,1.40
2010.05.03 08:03:50.516,1.6458,1.6465,1.40,1.40
2010.05.03 08:03:50.856,1.6457,1.6464,1.40,1.40
2010.05.03 08:03:52.106,1.6455,1.6462,1.40,1.40
2010.05.03 08:03:52.466,1.64555,1.64625,1.40,1.40
2010.05.03 08:03:55.897,1.64565,1.64635,1.40,1.40
2010.05.03 08:04:00.417,1.6457,1.6464,1.40,1.40
2010.05.03 08:04:01.437,1.64565,1.64635,1.40,1.40
2010.05.03 08:04:05.867,1.64555,1.64625,1.40,1.40
2010.05.03 08:04:06.507,1.6455,1.6462,1.40,1.40
2010.05.03 08:04:06.827,1.6456,1.6463,1.40,1.40
2010.05.03 08:04:07.225,1.6455,1.6462,1.40,1.40
2010.05.03 08:04:08.287,1.64555,1.64625,1.40,1.40
2010.05.03 08:04:16.257,1.6456,1.6463,1.40,1.40
2010.05.03 08:04:16.457,1.64555,1.64625,1.40,1.40
2010.05.03 08:04:16.657,1.6456,1.6463,1.40,1.40
2010.05.03 08:04:17.966,1.6457,1.6464,1.40,1.40
2010.05.03 08:04:18.217,1.6456,1.6463,1.40,1.40
2010.05.03 08:04:19.417,1.6457,1.6464,1.40,1.40
2010.05.03 08:04:19.857,1.6456,1.6463,1.40,1.40
2010.05.03 08:04:23.317,1.6457,1.6464,1.40,1.40
2010.05.03 08:04:24.496,1.6455,1.6462,1.40,1.40
2010.05.03 08:04:24.766,1.64555,1.64625,1.40,1.40
2010.05.03 08:04:25.037,1.64545,1.64615,1.40,1.40
2010.05.03 08:04:26.029,1.6453,1.646,1.40,1.40
2010.05.03 08:04:27.586,1.64535,1.64605,1.40,1.40
2010.05.03 08:04:31.946,1.6452,1.64595,1.40,1.40
2010.05.03 08:04:33.247,1.6453,1.646,1.40,1.40
2010.05.03 08:04:33.687,1.64535,1.64605,1.40,1.40
2010.05.03 08:04:34.948,1.64555,1.64625,1.40,1.40
2010.05.03 08:04:35.287,1.6455,1.6462,1.40,1.40
2010.05.03 08:04:35.517,1.64555,1.64625,1.40,1.40
2010.05.03 08:04:37.876,1.64545,1.64615,1.40,1.40
2010.05.03 08:04:40.156,1.6454,1.6461,1.40,1.40
2010.05.03 08:04:41.026,1.64545,1.64615,1.40,1.40
2010.05.03 08:04:46.936,1.64555,1.64625,1.40,1.40
2010.05.03 08:04:47.026,1.64545,1.64615,1.40,1.40
2010.05.03 08:04:50.556,1.64555,1.64625,1.40,1.40
2010.05.03 08:04:51.126,1.6456,1.6463,1.40,1.40
2010.05.03 08:04:52.676,1.64565,1.64635,1.40,1.40
2010.05.03 08:04:54.137,1.6456,1.6463,1.40,1.40
2010.05.03 08:04:54.717,1.64555,1.64625,1.40,1.40
2010.05.03 08:05:00.866,1.64565,1.64635,1.40,1.40
2010.05.03 08:05:01.137,1.6457,1.6464,1.40,1.40
2010.05.03 08:05:03.316,1.64575,1.6465,1.40,1.40
2010.05.03 08:05:03.966,1.6457,1.6464,1.40,1.40
2010.05.03 08:05:05.086,1.64575,1.64645,1.40,1.40
2010.05.03 08:05:06.166,1.64585,1.64655,1.40,1.40
2010.05.03 08:05:08.097,1.6458,1.6465,1.40,1.40
2010.05.03 08:05:09.106,1.64585,1.64655,1.40,1.40
2010.05.03 08:05:12.617,1.6459,1.6466,1.40,1.40
2010.05.03 08:05:12.766,1.64585,1.64655,1.40,1.40
2010.05.03 08:05:14.217,1.6459,1.6466,1.40,1.40
2010.05.03 08:05:14.757,1.646,1.6467,1.40,1.40
2010.05.03 08:05:15.587,1.6459,1.6466,1.40,1.40
2010.05.03 08:05:15.926,1.646,1.6467,1.40,1.40
2010.05.03 08:05:19.017,1.6458,1.6465,1.40,1.40
2010.05.03 08:05:19.986,1.64575,1.64645,1.40,1.40
2010.05.03 08:05:24.527,1.64565,1.64635,1.40,1.40
2010.05.03 08:05:24.766,1.6456,1.6463,1.40,1.40
2010.05.03 08:05:34.336,1.64565,1.64635,1.40,1.40
2010.05.03 08:05:36.796,1.6457,1.6464,1.40,1.40
2010.05.03 08:05:37.246,1.64575,1.64645,1.40,1.40
2010.05.03 08:05:38.236,1.6458,1.6465,1.40,1.40
2010.05.03 08:05:38.776,1.6457,1.6464,1.40,1.40
2010.05.03 08:05:39.136,1.64565,1.64635,1.40,1.40
2010.05.03 08:05:39.256,1.6457,1.6464,1.40,1.40
2010.05.03 08:05:43.966,1.64565,1.64635,1.40,1.40
2010.05.03 08:05:44.426,1.6457,1.6464,1.40,1.40
2010.05.03 08:05:45.867,1.64565,1.64635,1.40,1.40
2010.05.03 08:06:18.267,1.6457,1.6464,1.40,1.40
2010.05.03 08:06:18.456,1.64575,1.64645,1.40,1.40
2010.05.03 08:06:18.636,1.6457,1.6464,1.40,1.40
2010.05.03 08:06:21.507,1.64565,1.64635,1.40,1.40
2010.05.03 08:06:43.037,1.6457,1.6464,1.40,1.40
2010.05.03 08:07:01.627,1.64575,1.64645,1.40,1.40
2010.05.03 08:07:02.246,1.6457,1.6464,1.40,1.40
2010.05.03 08:07:05.949,1.6456,1.6463,1.40,1.40
2010.05.03 08:07:08.994,1.64565,1.64635,1.40,1.40
2010.05.03 08:07:11.007,1.64575,1.64645,1.40,1.40
2010.05.03 08:07:11.177,1.64565,1.64635,1.40,1.40
2010.05.03 08:07:11.439,1.6456,1.6463,1.40,1.40
2010.05.03 08:07:12.097,1.64565,1.64635,1.40,1.40
2010.05.03 08:07:16.027,1.6456,1.6463,1.40,1.40
2010.05.03 08:07:16.927,1.64555,1.64625,1.40,1.40
2010.05.03 08:07:17.737,1.6454,1.6461,1.40,1.40
2010.05.03 08:07:18.297,1.64535,1.64605,1.40,1.40
2010.05.03 08:07:35.067,1.64545,1.64615,1.40,1.40
2010.05.03 08:07:35.667,1.6455,1.6462,1.40,1.40
2010.05.03 08:07:48.187,1.6453,1.646,1.40,1.40
2010.05.03 08:07:48.607,1.64535,1.64605,1.40,1.40
2010.05.03 08:07:48.857,1.6454,1.64615,1.40,1.40
2010.05.03 08:07:53.867,1.64535,1.64605,1.40,1.40
2010.05.03 08:07:55.957,1.6454,1.6461,1.40,1.40
2010.05.03 08:07:59.667,1.6453,1.646,1.40,1.40
2010.05.03 08:07:59.907,1.64525,1.64595,1.40,1.40
2010.05.03 08:08:03.117,1.6452,1.6459,1.40,1.40
2010.05.03 08:08:05.396,1.64525,1.64595,1.40,1.40
2010.05.03 08:08:05.779,1.6451,1.6458,1.40,1.40
2010.05.03 08:08:05.937,1.64505,1.64575,1.40,1.40
2010.05.03 08:08:06.097,1.6449,1.64565,1.40,1.40
2010.05.03 08:08:06.597,1.645,1.6457,1.40,1.40
2010.05.03 08:08:07.538,1.64505,1.64575,1.40,1.40
2010.05.03 08:08:08.437,1.64505,1.6458,1.40,1.40
2010.05.03 08:08:09.100,1.6451,1.6458,1.40,1.40
2010.05.03 08:08:20.747,1.64515,1.64585,1.40,1.40
2010.05.03 08:08:21.017,1.6452,1.6459,1.40,1.40
2010.05.03 08:08:21.680,1.64525,1.64595,1.40,1.40
2010.05.03 08:08:22.017,1.6453,1.646,1.40,1.40
2010.05.03 08:08:31.867,1.6452,1.6459,1.40,1.40
2010.05.03 08:08:37.567,1.64515,1.64585,1.40,1.40
2010.05.03 08:08:38.577,1.6451,1.6458,1.40,1.40
2010.05.03 08:08:42.817,1.64505,1.64575,1.40,1.40
2010.05.03 08:08:43.057,1.645,1.6457,1.40,1.40
2010.05.03 08:08:43.217,1.6449,1.64565,1.40,1.40
2010.05.03 08:08:43.827,1.645,1.6457,1.40,1.40
2010.05.03 08:08:47.967,1.64515,1.64585,1.40,1.40
2010.05.03 08:08:48.367,1.64505,1.6458,1.40,1.40
2010.05.03 08:08:49.217,1.64515,1.64585,1.40,1.40
2010.05.03 08:08:49.897,1.64505,1.6458,1.40,1.40
2010.05.03 08:08:50.197,1.64515,1.64585,1.40,1.40
2010.05.03 08:08:53.087,1.64505,1.64575,1.40,1.40
2010.05.03 08:09:01.527,1.64515,1.64585,1.40,1.40
2010.05.03 08:09:02.098,1.6452,1.6459,1.40,1.40
2010.05.03 08:09:02.307,1.64525,1.64595,1.40,1.40
2010.05.03 08:09:08.387,1.64515,1.64585,1.40,1.40
2010.05.03 08:09:22.507,1.6452,1.6459,1.40,1.40
2010.05.03 08:09:24.307,1.64515,1.6459,1.40,1.40
2010.05.03 08:09:30.007,1.6452,1.6459,1.40,1.40
2010.05.03 08:09:30.227,1.64515,1.6459,1.40,1.40
2010.05.03 08:09:42.997,1.64525,1.64595,1.40,1.40
2010.05.03 08:09:43.267,1.6454,1.6461,1.40,1.40
2010.05.03 08:09:43.468,1.6455,1.6462,1.40,1.40
2010.05.03 08:09:43.967,1.64555,1.64625,1.40,1.40
2010.05.03 08:09:44.647,1.6456,1.6463,1.40,1.40
2010.05.03 08:09:47.437,1.64575,1.64645,1.40,1.40
2010.05.03 08:09:47.937,1.6458,1.6465,1.40,1.40
2010.05.03 08:09:48.167,1.64575,1.64645,1.40,1.40
2010.05.03 08:09:48.398,1.6458,1.6465,1.40,1.40
2010.05.03 08:10:01.737,1.64575,1.6465,1.40,1.40
2010.05.03 08:10:02.747,1.64585,1.64655,1.40,1.40
2010.05.03 08:10:09.747,1.64565,1.64635,1.40,1.40
2010.05.03 08:10:17.161,1.6457,1.6464,1.40,1.40
2010.05.03 08:10:17.497,1.64565,1.64635,1.40,1.40
2010.05.03 08:10:17.837,1.6456,1.6463,1.40,1.40
2010.05.03 08:10:18.257,1.64555,1.64625,1.40,1.40
2010.05.03 08:10:18.467,1.6455,1.6462,1.40,1.40
2010.05.03 08:10:18.677,1.64545,1.64615,1.40,1.40
2010.05.03 08:10:19.297,1.6454,1.6461,1.40,1.40
2010.05.03 08:10:19.497,1.64545,1.64615,1.40,1.40
2010.05.03 08:10:28.707,1.6455,1.6462,1.40,1.40
2010.05.03 08:10:29.227,1.64555,1.64625,1.40,1.40
2010.05.03 08:10:36.967,1.64565,1.64635,1.40,1.40
2010.05.03 08:10:42.637,1.6457,1.6464,1.40,1.40
2010.05.03 08:10:52.077,1.6456,1.6463,1.40,1.40
2010.05.03 08:10:52.227,1.6457,1.6464,1.40,1.40
2010.05.03 08:11:00.027,1.64565,1.64635,1.40,1.40
2010.05.03 08:11:03.407,1.64555,1.64625,1.40,1.40
2010.05.03 08:11:03.877,1.6456,1.6463,1.40,1.40
2010.05.03 08:11:04.157,1.6457,1.6464,1.40,1.40
2010.05.03 08:11:04.297,1.6458,1.6465,1.40,1.40
2010.05.03 08:11:08.038,1.6457,1.64645,1.40,1.40
2010.05.03 08:11:10.117,1.64565,1.64635,1.40,1.40
2010.05.03 08:11:10.497,1.6457,1.6464,1.40,1.40
2010.05.03 08:11:11.107,1.64575,1.64645,1.40,1.40
2010.05.03 08:11:17.117,1.6458,1.6465,1.40,1.40
2010.05.03 08:11:20.050,1.6457,1.6464,1.40,1.40
2010.05.03 08:11:31.167,1.64565,1.64635,1.40,1.40
2010.05.03 08:11:39.677,1.6456,1.6463,1.40,1.40
2010.05.03 08:11:43.907,1.6455,1.64625,1.40,1.40
2010.05.03 08:11:44.087,1.64545,1.64615,1.40,1.40
2010.05.03 08:11:48.819,1.6454,1.6461,1.40,1.40
2010.05.03 08:11:49.168,1.64565,1.64635,1.40,1.40
2010.05.03 08:11:49.288,1.64555,1.64625,1.40,1.40
2010.05.03 08:11:59.627,1.64545,1.64615,1.40,1.40
2010.05.03 08:11:59.838,1.64555,1.64625,1.40,1.40
2010.05.03 08:12:04.987,1.64565,1.64635,1.40,1.40
2010.05.03 08:12:09.098,1.6457,1.6464,1.40,1.40
2010.05.03 08:12:09.597,1.64555,1.64625,1.40,1.40
2010.05.03 08:12:09.727,1.6456,1.6463,1.40,1.40
2010.05.03 08:12:12.647,1.64565,1.64635,1.40,1.40
2010.05.03 08:12:22.157,1.6457,1.6464,1.40,1.40
2010.05.03 08:12:26.027,1.6458,1.6465,1.40,1.40
2010.05.03 08:12:26.157,1.6457,1.6464,1.40,1.40
2010.05.03 08:12:29.868,1.64565,1.64635,1.40,1.40
2010.05.03 08:12:34.937,1.6456,1.6463,1.40,1.40
2010.05.03 08:12:36.798,1.64565,1.64635,1.40,1.40
2010.05.03 08:13:01.967,1.6455,1.6462,1.40,1.40
2010.05.03 08:13:02.308,1.64545,1.64615,1.40,1.40
2010.05.03 08:13:03.517,1.6454,1.6461,1.40,1.40
2010.05.03 08:13:04.048,1.6456,1.6463,1.40,1.40
2010.05.03 08:13:05.608,1.64555,1.64625,1.40,1.40
2010.05.03 08:13:06.388,1.6456,1.6463,1.40,1.40
2010.05.03 08:13:14.817,1.6457,1.6464,1.40,1.40
2010.05.03 08:13:20.657,1.64565,1.64635,1.40,1.40
2010.05.03 08:13:20.858,1.6457,1.6464,1.40,1.40
2010.05.03 08:13:21.337,1.6456,1.6463,1.40,1.40
2010.05.03 08:13:21.678,1.64565,1.64635,1.40,1.40
2010.05.03 08:13:22.357,1.6457,1.6464,1.40,1.40
2010.05.03 08:13:23.177,1.64555,1.64625,1.40,1.40
2010.05.03 08:13:23.377,1.6456,1.6463,1.40,1.40
2010.05.03 08:13:23.577,1.64555,1.64625,1.40,1.40
2010.05.03 08:13:26.049,1.64565,1.64635,1.40,1.40
2010.05.03 08:13:27.408,1.6456,1.6463,1.40,1.40
2010.05.03 08:13:27.728,1.64555,1.64625,1.40,1.40
2010.05.03 08:13:28.327,1.6456,1.6463,1.40,1.40
2010.05.03 08:13:28.667,1.64555,1.64625,1.40,1.40
2010.05.03 08:13:29.007,1.6456,1.6463,1.40,1.40
2010.05.03 08:13:29.117,1.64555,1.64625,1.40,1.40
2010.05.03 08:13:29.337,1.6456,1.6463,1.40,1.40
2010.05.03 08:13:29.557,1.64555,1.64625,1.40,1.40
2010.05.03 08:13:29.777,1.6456,1.6463,1.40,1.40
2010.05.03 08:13:30.237,1.6455,1.6462,1.40,1.40
2010.05.03 08:13:30.497,1.6454,1.6461,1.40,1.40
2010.05.03 08:13:31.697,1.64545,1.64615,1.40,1.40
2010.05.03 08:13:35.238,1.6455,1.6462,1.40,1.40
2010.05.03 08:13:36.167,1.6456,1.6463,1.40,1.40
2010.05.03 08:13:36.437,1.6455,1.6462,1.40,1.40
2010.05.03 08:13:36.707,1.6456,1.6463,1.40,1.40
2010.05.03 08:13:37.677,1.6457,1.6464,1.40,1.40
2010.05.03 08:13:37.917,1.6456,1.6463,1.40,1.40
2010.05.03 08:13:40.257,1.64565,1.64635,1.40,1.40
2010.05.03 08:13:41.738,1.6456,1.6463,1.40,1.40
2010.05.03 08:13:42.467,1.6455,1.6462,1.40,1.40
2010.05.03 08:13:45.177,1.6456,1.6463,1.40,1.40
2010.05.03 08:13:47.317,1.64555,1.64625,1.40,1.40
2010.05.03 08:13:47.589,1.64545,1.64615,1.40,1.40
2010.05.03 08:13:48.267,1.6456,1.6463,1.40,1.40
2010.05.03 08:13:54.307,1.6455,1.6462,1.40,1.40
2010.05.03 08:13:54.567,1.64555,1.64625,1.40,1.40
2010.05.03 08:13:54.912,1.6455,1.6462,1.40,1.40
2010.05.03 08:13:55.448,1.64555,1.64625,1.40,1.40
2010.05.03 08:13:56.127,1.6455,1.6462,1.40,1.40
2010.05.03 08:14:01.761,1.64555,1.64625,1.40,1.40
2010.05.03 08:14:02.028,1.6454,1.6461,1.40,1.40
2010.05.03 08:14:02.287,1.64535,1.64605,1.40,1.40
2010.05.03 08:14:02.967,1.6454,1.6461,1.40,1.40
2010.05.03 08:14:04.637,1.64545,1.64615,1.40,1.40
2010.05.03 08:14:15.307,1.64555,1.64625,1.40,1.40
2010.05.03 08:14:16.837,1.64545,1.64615,1.40,1.40
2010.05.03 08:14:17.247,1.6455,1.6462,1.40,1.40
2010.05.03 08:14:18.974,1.64535,1.64605,1.40,1.40
2010.05.03 08:14:19.273,1.64555,1.64625,1.40,1.40
2010.05.03 08:14:20.709,1.6456,1.6463,1.40,1.40
2010.05.03 08:14:21.817,1.6455,1.6462,1.40,1.40
2010.05.03 08:14:22.147,1.64555,1.64625,1.40,1.40
2010.05.03 08:14:22.477,1.6456,1.6463,1.40,1.40
2010.05.03 08:14:28.157,1.6455,1.6462,1.40,1.40
2010.05.03 08:14:28.329,1.64555,1.64625,1.40,1.40
2010.05.03 08:14:28.728,1.6456,1.6463,1.40,1.40
2010.05.03 08:14:35.327,1.64555,1.64625,1.40,1.40
2010.05.03 08:14:35.927,1.6455,1.6462,1.40,1.40
2010.05.03 08:14:36.467,1.6456,1.6463,1.40,1.40
2010.05.03 08:14:38.137,1.64555,1.64625,1.40,1.40
2010.05.03 08:14:48.907,1.6455,1.6462,1.40,1.40
2010.05.03 08:15:03.657,1.6453,1.646,1.40,1.40
2010.05.03 08:15:03.957,1.64535,1.64605,1.40,1.40
2010.05.03 08:15:04.857,1.6453,1.646,1.40,1.40
2010.05.03 08:15:05.497,1.64535,1.64605,1.40,1.40
2010.05.03 08:15:06.997,1.6453,1.646,1.40,1.40
2010.05.03 08:15:07.568,1.6452,1.6459,1.40,1.40
2010.05.03 08:15:09.339,1.64525,1.64595,1.40,1.40
2010.05.03 08:15:12.107,1.64535,1.64605,1.40,1.40
2010.05.03 08:15:13.117,1.6454,1.6461,1.40,1.40
2010.05.03 08:15:13.447,1.64535,1.64605,1.40,1.40
2010.05.03 08:15:14.107,1.6453,1.646,1.40,1.40
2010.05.03 08:15:15.408,1.6452,1.6459,1.40,1.40
2010.05.03 08:15:15.988,1.64515,1.64585,1.40,1.40
2010.05.03 08:15:16.668,1.64525,1.64595,1.40,1.40
2010.05.03 08:15:17.898,1.645,1.6457,1.40,1.40
2010.05.03 08:15:18.097,1.64495,1.64565,1.40,1.40
2010.05.03 08:15:19.097,1.64485,1.64555,1.40,1.40
2010.05.03 08:15:21.207,1.64505,1.64575,1.40,1.40
2010.05.03 08:15:24.778,1.645,1.6457,1.40,1.40
2010.05.03 08:15:24.977,1.64505,1.64575,1.40,1.40
2010.05.03 08:15:25.618,1.6451,1.6458,1.40,1.40
2010.05.03 08:15:25.957,1.64515,1.64585,1.40,1.40
2010.05.03 08:15:39.447,1.64535,1.64605,1.40,1.40
2010.05.03 08:15:39.866,1.6453,1.646,1.40,1.40
2010.05.03 08:15:40.180,1.64545,1.64615,1.40,1.40
2010.05.03 08:15:41.637,1.64525,1.64595,1.40,1.40
2010.05.03 08:15:41.947,1.6452,1.6459,1.40,1.40
2010.05.03 08:15:42.257,1.64525,1.64595,1.40,1.40
2010.05.03 08:15:42.567,1.6453,1.646,1.40,1.40
2010.05.03 08:15:43.637,1.6452,1.6459,1.40,1.40
2010.05.03 08:15:45.407,1.6451,1.6458,1.40,1.40
2010.05.03 08:15:45.667,1.64515,1.64585,1.40,1.40
2010.05.03 08:15:46.157,1.6451,1.6458,1.40,1.40
2010.05.03 08:15:59.727,1.64515,1.64585,1.40,1.40
2010.05.03 08:16:01.507,1.6451,1.64585,1.40,1.40
2010.05.03 08:16:01.887,1.64515,1.64585,1.40,1.40
2010.05.03 08:16:02.233,1.6451,1.6458,1.40,1.40
2010.05.03 08:16:03.877,1.645,1.6457,1.40,1.40
2010.05.03 08:16:05.487,1.64505,1.64575,1.40,1.40
2010.05.03 08:16:08.067,1.645,1.6457,1.40,1.40
2010.05.03 08:16:11.097,1.6449,1.6456,1.40,1.40
2010.05.03 08:16:12.597,1.6448,1.6455,1.40,1.40
2010.05.03 08:16:12.878,1.64485,1.64555,1.40,1.40
2010.05.03 08:16:13.097,1.6449,1.6456,1.40,1.40
2010.05.03 08:16:19.647,1.645,1.6457,1.40,1.40
2010.05.03 08:16:20.057,1.64505,1.64575,1.40,1.40
2010.05.03 08:16:21.157,1.64495,1.64565,1.40,1.40
2010.05.03 08:16:22.277,1.6449,1.6456,1.40,1.40
2010.05.03 08:16:23.017,1.64485,1.64555,1.40,1.40
2010.05.03 08:16:24.858,1.6449,1.6456,1.40,1.40
2010.05.03 08:16:25.217,1.64495,1.64565,1.40,1.40
2010.05.03 08:16:25.397,1.64495,1.6457,1.40,1.40
2010.05.03 08:16:32.437,1.6449,1.6456,1.40,1.40
2010.05.03 08:16:33.067,1.64495,1.6457,1.40,1.40
2010.05.03 08:16:33.607,1.6449,1.6456,1.40,1.40
2010.05.03 08:16:34.727,1.64485,1.64555,1.40,1.40
2010.05.03 08:16:36.187,1.64485,1.6456,1.40,1.40
2010.05.03 08:16:36.467,1.6449,1.6456,1.40,1.40
2010.05.03 08:16:38.057,1.64475,1.64545,1.40,1.40
2010.05.03 08:16:38.717,1.6448,1.6455,1.40,1.40
2010.05.03 08:16:40.207,1.64475,1.64545,1.40,1.40
2010.05.03 08:16:42.067,1.6447,1.6454,1.40,1.40
2010.05.03 08:16:44.407,1.64475,1.64545,1.40,1.40
2010.05.03 08:16:44.517,1.6448,1.6455,1.40,1.40
2010.05.03 08:16:44.783,1.64485,1.6456,1.40,1.40
2010.05.03 08:16:45.109,1.64495,1.64565,1.40,1.40
2010.05.03 08:16:45.647,1.64485,1.6456,1.40,1.40
2010.05.03 08:16:46.237,1.6448,1.6455,1.40,1.40
2010.05.03 08:16:47.197,1.64475,1.64545,1.40,1.40
2010.05.03 08:16:47.917,1.6448,1.6455,1.40,1.40
2010.05.03 08:16:53.107,1.64485,1.6456,1.40,1.40
2010.05.03 08:16:53.647,1.64495,1.64565,1.40,1.40
2010.05.03 08:16:54.838,1.645,1.6457,1.40,1.40
2010.05.03 08:16:55.867,1.6448,1.6455,1.40,1.40
2010.05.03 08:16:56.147,1.64475,1.64545,1.40,1.40
2010.05.03 08:16:57.838,1.64485,1.64555,1.40,1.40
2010.05.03 08:16:58.058,1.64495,1.64565,1.40,1.40
2010.05.03 08:16:58.857,1.6447,1.6454,1.40,1.40
2010.05.03 08:16:59.147,1.6448,1.6455,1.40,1.40
2010.05.03 08:17:00.569,1.64475,1.64545,1.40,1.40
2010.05.03 08:17:03.587,1.6447,1.6454,1.40,1.40
2010.05.03 08:17:05.108,1.6448,1.6455,1.40,1.40
2010.05.03 08:17:05.487,1.64475,1.64545,1.40,1.40
2010.05.03 08:17:05.817,1.64485,1.64555,1.40,1.40
2010.05.03 08:17:08.247,1.6448,1.6455,1.40,1.40
2010.05.03 08:17:09.068,1.64485,1.64555,1.40,1.40
2010.05.03 08:17:13.087,1.6448,1.6455,1.40,1.40
2010.05.03 08:17:18.457,1.6447,1.6454,1.40,1.40
2010.05.03 08:17:18.892,1.64475,1.64545,1.40,1.40
2010.05.03 08:17:21.058,1.64465,1.64535,1.40,1.40
2010.05.03 08:17:21.648,1.64455,1.64525,1.40,1.40
2010.05.03 08:17:22.452,1.6446,1.6453,1.40,1.40
2010.05.03 08:17:23.868,1.64455,1.64525,1.40,1.40
2010.05.03 08:17:28.327,1.6445,1.6452,1.40,1.40
2010.05.03 08:17:28.588,1.64455,1.64525,1.40,1.40
2010.05.03 08:17:29.428,1.6444,1.6451,1.40,1.40
2010.05.03 08:17:29.817,1.64435,1.64505,1.40,1.40
2010.05.03 08:17:30.967,1.6445,1.6452,1.40,1.40
2010.05.03 08:17:31.607,1.64455,1.64525,1.40,1.40
2010.05.03 08:17:34.267,1.6446,1.6453,1.40,1.40
2010.05.03 08:17:34.958,1.64455,1.64525,1.40,1.40
2010.05.03 08:17:38.378,1.6446,1.6453,1.40,1.40
2010.05.03 08:17:38.837,1.64465,1.64535,1.40,1.40
2010.05.03 08:17:39.443,1.64475,1.64545,1.40,1.40
2010.05.03 08:17:39.778,1.64485,1.64555,1.40,1.40
2010.05.03 08:17:44.567,1.64475,1.64545,1.40,1.40
2010.05.03 08:17:44.807,1.6448,1.6455,1.40,1.40
2010.05.03 08:17:46.567,1.6449,1.6456,1.40,1.40
2010.05.03 08:17:48.887,1.64485,1.64555,1.40,1.40
2010.05.03 08:17:51.018,1.6449,1.6456,1.40,1.40
2010.05.03 08:17:53.637,1.64495,1.64565,1.40,1.40
2010.05.03 08:17:55.557,1.64485,1.64555,1.40,1.40
2010.05.03 08:17:55.997,1.6449,1.6456,1.40,1.40
2010.05.03 08:17:56.998,1.64485,1.64555,1.40,1.40
2010.05.03 08:17:58.597,1.6449,1.6456,1.40,1.40
2010.05.03 08:18:12.317,1.64485,1.64555,1.40,1.40
2010.05.03 08:18:13.787,1.64475,1.64545,1.40,1.40
2010.05.03 08:18:15.258,1.6448,1.6455,1.40,1.40
2010.05.03 08:18:16.457,1.6447,1.6455,1.40,1.40
2010.05.03 08:18:21.068,1.6448,1.64555,1.40,1.40
2010.05.03 08:18:21.248,1.6449,1.64565,1.40,1.40
2010.05.03 08:18:22.068,1.64485,1.6456,1.40,1.40
2010.05.03 08:18:22.528,1.6448,1.6455,1.40,1.40
2010.05.03 08:18:23.347,1.64475,1.64545,1.40,1.40
2010.05.03 08:18:24.227,1.6447,1.6454,1.40,1.40
2010.05.03 08:18:26.927,1.64475,1.64545,1.40,1.40
2010.05.03 08:18:27.417,1.6448,1.6455,1.40,1.40
2010.05.03 08:18:27.567,1.64485,1.64555,1.40,1.40
2010.05.03 08:18:27.717,1.6449,1.6456,1.40,1.40
2010.05.03 08:18:28.258,1.645,1.6457,1.40,1.40
2010.05.03 08:18:28.937,1.6449,1.6456,1.40,1.40
2010.05.03 08:18:29.197,1.645,1.6457,1.40,1.40
2010.05.03 08:18:30.388,1.6449,1.6456,1.40,1.40
2010.05.03 08:18:30.557,1.645,1.6457,1.40,1.40
2010.05.03 08:18:30.897,1.64485,1.64555,1.40,1.40
2010.05.03 08:18:31.147,1.6448,1.6455,1.40,1.40
2010.05.03 08:18:32.497,1.6447,1.6454,1.40,1.40
2010.05.03 08:18:33.039,1.64465,1.64535,1.40,1.40
2010.05.03 08:18:33.377,1.6447,1.6454,1.40,1.40
2010.05.03 08:18:37.332,1.6448,1.6455,1.40,1.40
2010.05.03 08:18:37.568,1.6449,1.6456,1.40,1.40
2010.05.03 08:18:37.809,1.6448,1.6455,1.40,1.40
2010.05.03 08:18:39.577,1.6449,1.6456,1.40,1.40
2010.05.03 08:18:39.838,1.6448,1.6455,1.40,1.40
2010.05.03 08:18:40.457,1.64485,1.64555,1.40,1.40
2010.05.03 08:18:41.687,1.6448,1.6455,1.40,1.40
2010.05.03 08:18:45.988,1.64475,1.64545,1.40,1.40
2010.05.03 08:18:48.368,1.6446,1.64535,1.40,1.40
2010.05.03 08:18:48.868,1.64455,1.64525,1.40,1.40
2010.05.03 08:18:51.497,1.64465,1.64535,1.40,1.40
2010.05.03 08:18:51.728,1.6446,1.6453,1.40,1.40
2010.05.03 08:18:51.959,1.64465,1.64545,1.40,1.40
2010.05.03 08:18:52.189,1.6447,1.6454,1.40,1.40
2010.05.03 08:18:52.528,1.64465,1.64535,1.40,1.40
2010.05.03 08:18:54.237,1.6447,1.6454,1.40,1.40
2010.05.03 08:18:54.737,1.6448,1.6455,1.40,1.40
2010.05.03 08:18:55.467,1.64475,1.64545,1.40,1.40
2010.05.03 08:18:55.698,1.64485,1.64555,1.40,1.40
2010.05.03 08:18:55.928,1.6449,1.6456,1.40,1.40
2010.05.03 08:18:57.408,1.645,1.6457,1.40,1.40
2010.05.03 08:18:58.407,1.6449,1.6456,1.40,1.40
2010.05.03 08:19:01.868,1.64495,1.64565,1.40,1.40
2010.05.03 08:19:02.292,1.64485,1.64555,1.40,1.40
2010.05.03 08:19:03.397,1.64475,1.64555,1.40,1.40
2010.05.03 08:19:03.618,1.6449,1.6456,1.40,1.40
2010.05.03 08:19:03.957,1.64495,1.64565,1.40,1.40
2010.05.03 08:19:04.637,1.645,1.6457,1.40,1.40
2010.05.03 08:19:13.668,1.64505,1.64575,1.40,1.40
2010.05.03 08:19:14.307,1.645,1.6457,1.40,1.40
2010.05.03 08:19:15.147,1.6449,1.6456,1.40,1.40
2010.05.03 08:19:17.848,1.6448,1.6455,1.40,1.40
2010.05.03 08:19:18.847,1.64475,1.64545,1.40,1.40
2010.05.03 08:19:20.258,1.6447,1.6454,1.40,1.40
2010.05.03 08:19:20.802,1.64475,1.64555,1.40,1.40
2010.05.03 08:19:21.138,1.64495,1.64565,1.40,1.40
2010.05.03 08:19:21.478,1.64485,1.64555,1.40,1.40
2010.05.03 08:19:21.818,1.64495,1.64565,1.40,1.40
2010.05.03 08:19:24.098,1.64485,1.64555,1.40,1.40
2010.05.03 08:19:24.368,1.6449,1.6456,1.40,1.40
2010.05.03 08:19:26.128,1.64495,1.64565,1.40,1.40
2010.05.03 08:19:28.057,1.6449,1.6456,1.40,1.40
2010.05.03 08:19:30.888,1.6448,1.6455,1.40,1.40
2010.05.03 08:19:35.318,1.64475,1.64545,1.40,1.40
2010.05.03 08:19:35.608,1.6447,1.6454,1.40,1.40
2010.05.03 08:19:35.737,1.64475,1.64545,1.40,1.40
2010.05.03 08:19:38.058,1.6448,1.6455,1.40,1.40
2010.05.03 08:19:38.218,1.64485,1.64555,1.40,1.40
2010.05.03 08:19:42.268,1.6449,1.6456,1.40,1.40
2010.05.03 08:19:46.238,1.64485,1.64555,1.40,1.40
2010.05.03 08:19:46.808,1.645,1.6457,1.40,1.40
2010.05.03 08:19:46.948,1.64495,1.64565,1.40,1.40
2010.05.03 08:19:47.768,1.64515,1.64585,1.40,1.40
2010.05.03 08:19:49.029,1.64495,1.64565,1.40,1.40
2010.05.03 08:19:52.117,1.6449,1.6456,1.40,1.40
2010.05.03 08:19:52.997,1.645,1.6457,1.40,1.40
2010.05.03 08:20:06.958,1.6449,1.6456,1.40,1.40
2010.05.03 08:20:29.237,1.645,1.6457,1.40,1.40
2010.05.03 08:20:31.858,1.64505,1.64575,1.40,1.40
2010.05.03 08:20:32.368,1.64495,1.64565,1.40,1.40
2010.05.03 08:20:32.708,1.64485,1.64555,1.40,1.40
2010.05.03 08:20:33.048,1.6449,1.6456,1.40,1.40
2010.05.03 08:20:33.412,1.64505,1.64575,1.40,1.40
2010.05.03 08:20:33.748,1.64515,1.64585,1.40,1.40
2010.05.03 08:20:34.088,1.6452,1.64595,1.40,1.40
2010.05.03 08:20:34.428,1.64545,1.64615,1.40,1.40
2010.05.03 08:20:34.768,1.6452,1.64595,1.40,1.40
2010.05.03 08:20:35.108,1.6453,1.646,1.40,1.40
2010.05.03 08:20:35.358,1.64535,1.64605,1.40,1.40
2010.05.03 08:20:37.377,1.6454,1.6461,1.40,1.40
2010.05.03 08:20:39.328,1.64535,1.64605,1.40,1.40
2010.05.03 08:20:40.028,1.6453,1.646,1.40,1.40
2010.05.03 08:20:40.917,1.64525,1.64595,1.40,1.40
2010.05.03 08:20:43.218,1.64515,1.64585,1.40,1.40
2010.05.03 08:20:47.938,1.6451,1.6458,1.40,1.40
2010.05.03 08:20:48.498,1.64515,1.64585,1.40,1.40
2010.05.03 08:20:48.818,1.64505,1.6458,1.40,1.40
2010.05.03 08:20:49.778,1.64505,1.64575,1.40,1.40
2010.05.03 08:20:53.147,1.645,1.6457,1.40,1.40
2010.05.03 08:20:53.748,1.64505,1.64575,1.40,1.40
2010.05.03 08:20:55.688,1.645,1.6457,1.40,1.40
2010.05.03 08:21:06.719,1.64505,1.64575,1.40,1.40
2010.05.03 08:21:29.388,1.64495,1.64565,1.40,1.40
2010.05.03 08:21:30.298,1.6449,1.6456,1.40,1.40
2010.05.03 08:21:35.587,1.64495,1.64565,1.40,1.40
2010.05.03 08:21:42.869,1.6449,1.6456,1.40,1.40
2010.05.03 08:21:45.892,1.64495,1.64565,1.40,1.40
2010.05.03 08:21:47.338,1.6449,1.6456,1.40,1.40
2010.05.03 08:21:47.678,1.645,1.6457,1.40,1.40
2010.05.03 08:21:48.018,1.6449,1.6456,1.40,1.40
2010.05.03 08:21:48.358,1.645,1.6457,1.40,1.40
2010.05.03 08:21:58.238,1.64505,1.64575,1.40,1.40
2010.05.03 08:22:02.317,1.6451,1.6458,1.40,1.40
2010.05.03 08:22:18.468,1.645,1.6457,1.40,1.40
2010.05.03 08:22:20.198,1.6451,1.6458,1.40,1.40
2010.05.03 08:22:30.128,1.64515,1.64585,1.40,1.40
2010.05.03 08:22:38.298,1.6451,1.6458,1.40,1.40
2010.05.03 08:22:41.198,1.6452,1.6459,1.40,1.40
2010.05.03 08:22:41.670,1.64525,1.64595,1.40,1.40
2010.05.03 08:22:42.128,1.6452,1.6459,1.40,1.40
2010.05.03 08:22:44.698,1.64525,1.64595,1.40,1.40
2010.05.03 08:22:45.088,1.64535,1.64605,1.40,1.40
2010.05.03 08:22:45.348,1.6453,1.646,1.40,1.40
2010.05.03 08:22:48.128,1.64525,1.64595,1.40,1.40
2010.05.03 08:22:49.404,1.64515,1.6459,1.40,1.40
2010.05.03 08:23:00.673,1.64525,1.64595,1.40,1.40
2010.05.03 08:23:01.298,1.64515,1.64585,1.40,1.40
2010.05.03 08:23:06.628,1.64525,1.64595,1.40,1.40
2010.05.03 08:23:09.088,1.6453,1.646,1.40,1.40
2010.05.03 08:23:09.288,1.64535,1.64605,1.40,1.40
2010.05.03 08:23:18.228,1.64525,1.64595,1.40,1.40
2010.05.03 08:23:22.240,1.64535,1.64605,1.40,1.40
2010.05.03 08:23:27.668,1.6453,1.646,1.40,1.40
2010.05.03 08:23:27.898,1.64525,1.64595,1.40,1.40
2010.05.03 08:23:28.448,1.6452,1.6459,1.40,1.40
2010.05.03 08:23:34.708,1.64525,1.64595,1.40,1.40
2010.05.03 08:23:35.028,1.6453,1.646,1.40,1.40
2010.05.03 08:23:35.638,1.64525,1.646,1.40,1.40
2010.05.03 08:23:36.508,1.6453,1.646,1.40,1.40
2010.05.03 08:23:38.028,1.6454,1.6461,1.40,1.40
2010.05.03 08:23:38.728,1.64535,1.64605,1.40,1.40
2010.05.03 08:23:39.468,1.6453,1.646,1.40,1.40
2010.05.03 08:23:43.219,1.64525,1.64595,1.40,1.40
2010.05.03 08:23:43.739,1.6452,1.6459,1.40,1.40
2010.05.03 08:23:43.959,1.6449,1.6456,1.40,1.40
2010.05.03 08:23:44.179,1.64505,1.64575,1.40,1.40
2010.05.03 08:24:09.288,1.6451,1.6458,1.40,1.40
2010.05.03 08:24:35.986,1.64505,1.64575,1.40,1.40
2010.05.03 08:24:36.108,1.645,1.6457,1.40,1.40
2010.05.03 08:24:43.148,1.64505,1.64575,1.40,1.40
2010.05.03 08:24:43.288,1.6451,1.6458,1.40,1.40
2010.05.03 08:25:00.308,1.64505,1.64575,1.40,1.40
2010.05.03 08:25:26.310,1.6451,1.64585,1.40,1.40
2010.05.03 08:25:26.538,1.64505,1.64575,1.40,1.40
2010.05.03 08:25:36.320,1.64515,1.64585,1.40,1.40
2010.05.03 08:25:40.458,1.6452,1.6459,1.40,1.40
2010.05.03 08:25:50.788,1.64515,1.64585,1.40,1.40
2010.05.03 08:25:50.918,1.6452,1.6459,1.40,1.40
2010.05.03 08:25:51.908,1.64525,1.64595,1.40,1.40
2010.05.03 08:25:52.172,1.6452,1.6459,1.40,1.40
2010.05.03 08:25:58.818,1.64515,1.64585,1.40,1.40
2010.05.03 08:25:59.348,1.6451,1.6458,1.40,1.40
2010.05.03 08:26:00.438,1.64505,1.64575,1.40,1.40
2010.05.03 08:26:04.858,1.6451,1.6458,1.40,1.40
2010.05.03 08:26:05.071,1.64505,1.64575,1.40,1.40
2010.05.03 08:26:24.528,1.645,1.6457,1.40,1.40
2010.05.03 08:26:40.689,1.6451,1.6458,1.40,1.40
2010.05.03 08:26:40.849,1.64495,1.64565,1.40,1.40
2010.05.03 08:26:41.159,1.64485,1.64555,1.40,1.40
2010.05.03 08:26:41.498,1.645,1.6457,1.40,1.40
2010.05.03 08:26:41.839,1.6449,1.6456,1.40,1.40
2010.05.03 08:26:51.499,1.64485,1.64555,1.40,1.40
2010.05.03 08:26:53.229,1.64475,1.64545,1.40,1.40
2010.05.03 08:26:53.568,1.6448,1.6455,1.40,1.40
2010.05.03 08:26:53.908,1.6447,1.6454,1.40,1.40
2010.05.03 08:26:55.169,1.64475,1.6455,1.40,1.40
2010.05.03 08:26:57.438,1.6447,1.6454,1.40,1.40
2010.05.03 08:27:16.878,1.64465,1.64535,1.40,1.40
2010.05.03 08:27:20.388,1.6448,1.6455,1.40,1.40
2010.05.03 08:27:21.018,1.64485,1.64555,1.40,1.40
2010.05.03 08:27:21.359,1.64475,1.64545,1.40,1.40
2010.05.03 08:27:22.699,1.6448,1.6455,1.40,1.40
2010.05.03 08:27:37.448,1.6449,1.6456,1.40,1.40
2010.05.03 08:27:39.638,1.64495,1.64565,1.40,1.40
2010.05.03 08:27:40.428,1.64485,1.64555,1.40,1.40
2010.05.03 08:27:46.828,1.64475,1.64545,1.40,1.40
2010.05.03 08:27:52.208,1.6447,1.6454,1.40,1.40
2010.05.03 08:27:52.889,1.6448,1.6455,1.40,1.40
2010.05.03 08:27:53.568,1.64475,1.64545,1.40,1.40
2010.05.03 08:28:10.729,1.64485,1.64555,1.40,1.40
2010.05.03 08:28:18.978,1.64475,1.64545,1.40,1.40
2010.05.03 08:28:25.068,1.64485,1.64555,1.40,1.40
2010.05.03 08:28:33.469,1.64465,1.6454,1.40,1.40
2010.05.03 08:28:36.588,1.64475,1.64545,1.40,1.40
2010.05.03 08:28:47.428,1.64495,1.64565,1.40,1.40
2010.05.03 08:28:47.949,1.645,1.6457,1.40,1.40
2010.05.03 08:28:54.609,1.64485,1.64555,1.40,1.40
2010.05.03 08:28:55.289,1.6448,1.6455,1.40,1.40
2010.05.03 08:28:55.488,1.6448,1.64555,1.40,1.40
2010.05.03 08:28:55.688,1.64475,1.64545,1.40,1.40
2010.05.03 08:28:56.088,1.6447,1.6454,1.40,1.40
2010.05.03 08:28:58.470,1.6449,1.6456,1.40,1.40
2010.05.03 08:28:58.823,1.64495,1.64565,1.40,1.40
2010.05.03 08:28:59.218,1.64485,1.6456,1.40,1.40
2010.05.03 08:28:59.418,1.645,1.6457,1.40,1.40
2010.05.03 08:29:00.098,1.64495,1.64565,1.40,1.40
2010.05.03 08:29:01.659,1.64485,1.64555,1.40,1.40
2010.05.03 08:29:01.879,1.6449,1.6456,1.40,1.40
2010.05.03 08:29:02.448,1.6448,1.6455,1.40,1.40
2010.05.03 08:29:03.289,1.6449,1.6456,1.40,1.40
2010.05.03 08:29:12.379,1.64495,1.64565,1.40,1.40
2010.05.03 08:29:14.659,1.64505,1.64575,1.40,1.40
2010.05.03 08:29:20.668,1.64495,1.64565,1.40,1.40
2010.05.03 08:29:23.508,1.6449,1.6456,1.40,1.40
2010.05.03 08:29:24.089,1.64485,1.64555,1.40,1.40
2010.05.03 08:29:26.239,1.64495,1.64565,1.40,1.40
2010.05.03 08:29:26.779,1.64485,1.64555,1.40,1.40
2010.05.03 08:29:26.999,1.64475,1.64545,1.40,1.40
2010.05.03 08:29:27.219,1.64485,1.64555,1.40,1.40
2010.05.03 08:29:28.189,1.6448,1.6455,1.40,1.40
2010.05.03 08:29:28.788,1.6449,1.6456,1.40,1.40
2010.05.03 08:29:49.209,1.64475,1.64545,1.40,1.40
2010.05.03 08:30:17.458,1.6447,1.6454,1.40,1.40
2010.05.03 08:30:19.609,1.64475,1.64545,1.40,1.40
2010.05.03 08:30:21.039,1.6447,1.6454,1.40,1.40
2010.05.03 08:30:21.249,1.64465,1.64535,1.40,1.40
2010.05.03 08:30:22.349,1.64475,1.64545,1.40,1.40
2010.05.03 08:30:25.199,1.6448,1.6455,1.40,1.40
2010.05.03 08:30:25.519,1.64485,1.64555,1.40,1.40
2010.05.03 08:30:28.289,1.6449,1.6456,1.40,1.40
2010.05.03 08:30:40.499,1.6448,1.6455,1.40,1.40
2010.05.03 08:30:46.569,1.6447,1.6454,1.40,1.40
2010.05.03 08:30:50.365,1.6448,1.6455,1.40,1.40
2010.05.03 08:30:54.609,1.64485,1.64555,1.40,1.40
2010.05.03 08:30:56.339,1.6449,1.6456,1.40,1.40
2010.05.03 08:30:56.580,1.64495,1.64565,1.40,1.40
2010.05.03 08:31:07.089,1.64505,1.64575,1.40,1.40
2010.05.03 08:31:15.649,1.645,1.6457,1.40,1.40
2010.05.03 08:31:15.879,1.64505,1.64575,1.40,1.40
2010.05.03 08:31:24.679,1.64495,1.64565,1.40,1.40
2010.05.03 08:31:37.459,1.645,1.6457,1.40,1.40
2010.05.03 08:31:37.679,1.6449,1.6456,1.40,1.40
2010.05.03 08:31:38.119,1.64495,1.64565,1.40,1.40
2010.05.03 08:31:38.339,1.64505,1.64575,1.40,1.40
2010.05.03 08:31:38.573,1.6451,1.6458,1.40,1.40
2010.05.03 08:31:45.289,1.64505,1.64575,1.40,1.40
2010.05.03 08:31:45.799,1.64515,1.64585,1.40,1.40
2010.05.03 08:31:46.409,1.64505,1.6458,1.40,1.40
2010.05.03 08:31:46.949,1.64515,1.64585,1.40,1.40
2010.05.03 08:31:47.259,1.6452,1.6459,1.40,1.40
2010.05.03 08:31:48.609,1.64505,1.64575,1.40,1.40
2010.05.03 08:31:50.279,1.645,1.6457,1.40,1.40
2010.05.03 08:31:50.809,1.6449,1.6456,1.40,1.40
2010.05.03 08:31:51.250,1.64505,1.64575,1.40,1.40
2010.05.03 08:31:51.700,1.64485,1.64555,1.40,1.40
2010.05.03 08:31:57.049,1.64505,1.6458,1.40,1.40
2010.05.03 08:31:59.159,1.64515,1.64585,1.40,1.40
2010.05.03 08:32:02.819,1.645,1.6457,1.40,1.40
2010.05.03 08:32:03.139,1.64505,1.6458,1.40,1.40
2010.05.03 08:32:06.069,1.64495,1.64565,1.40,1.40
2010.05.03 08:32:06.299,1.6449,1.6456,1.40,1.40
2010.05.03 08:32:14.009,1.64495,1.64565,1.40,1.40
2010.05.03 08:32:14.220,1.64505,1.6458,1.40,1.40
2010.05.03 08:32:15.109,1.64505,1.64575,1.40,1.40
2010.05.03 08:32:17.510,1.64505,1.6458,1.40,1.40
2010.05.03 08:32:18.140,1.64505,1.64575,1.40,1.40
2010.05.03 08:32:27.500,1.64505,1.6458,1.40,1.40
2010.05.03 08:32:27.649,1.645,1.6457,1.40,1.40
2010.05.03 08:32:27.960,1.64505,1.6458,1.40,1.40
2010.05.03 08:32:33.849,1.64505,1.64575,1.40,1.40
2010.05.03 08:32:36.360,1.64495,1.64565,1.40,1.40
2010.05.03 08:32:43.069,1.645,1.6457,1.40,1.40
2010.05.03 08:32:44.059,1.6449,1.6456,1.40,1.40
2010.05.03 08:32:44.539,1.64495,1.64565,1.40,1.40
2010.05.03 08:32:45.559,1.6449,1.6456,1.40,1.40
2010.05.03 08:32:49.159,1.6447,1.6454,1.40,1.40
2010.05.03 08:32:53.129,1.64475,1.64545,1.40,1.40
2010.05.03 08:32:58.390,1.64465,1.6454,1.40,1.40
2010.05.03 08:33:03.245,1.6446,1.6453,1.40,1.40
2010.05.03 08:33:04.839,1.64465,1.64535,1.40,1.40
2010.05.03 08:33:05.239,1.64475,1.64545,1.40,1.40
2010.05.03 08:33:13.272,1.64485,1.64555,1.40,1.40
2010.05.03 08:33:14.199,1.6449,1.6456,1.40,1.40
2010.05.03 08:33:26.355,1.645,1.6457,1.40,1.40
2010.05.03 08:33:30.489,1.64505,1.6458,1.40,1.40
2010.05.03 08:33:35.710,1.64515,1.64585,1.40,1.40
2010.05.03 08:33:37.419,1.64505,1.64575,1.40,1.40
2010.05.03 08:33:41.389,1.64485,1.64555,1.40,1.40
2010.05.03 08:33:41.829,1.64495,1.64565,1.40,1.40
2010.05.03 08:33:42.150,1.64485,1.64555,1.40,1.40
2010.05.03 08:33:42.720,1.6449,1.6456,1.40,1.40
2010.05.03 08:33:43.059,1.6448,1.6455,1.40,1.40
2010.05.03 08:33:43.399,1.6449,1.6456,1.40,1.40
2010.05.03 08:33:46.020,1.6448,1.6455,1.40,1.40
2010.05.03 08:33:46.619,1.64485,1.64555,1.40,1.40
2010.05.03 08:33:47.189,1.6449,1.6456,1.40,1.40
2010.05.03 08:33:48.039,1.64495,1.64565,1.40,1.40
2010.05.03 08:33:48.719,1.6449,1.6456,1.40,1.40
2010.05.03 08:33:51.599,1.64485,1.64555,1.40,1.40
2010.05.03 08:33:51.759,1.6449,1.6456,1.40,1.40
2010.05.03 08:33:56.879,1.64495,1.64565,1.40,1.40
2010.05.03 08:33:57.200,1.645,1.6457,1.40,1.40
2010.05.03 08:33:57.879,1.6449,1.6456,1.40,1.40
2010.05.03 08:34:01.814,1.645,1.6457,1.40,1.40
2010.05.03 08:34:02.109,1.6449,1.64565,1.40,1.40
2010.05.03 08:34:02.739,1.64485,1.64555,1.40,1.40
2010.05.03 08:34:03.079,1.64495,1.64565,1.40,1.40
2010.05.03 08:34:03.419,1.6449,1.64565,1.40,1.40
2010.05.03 08:34:03.759,1.6449,1.6456,1.40,1.40
2010.05.03 08:34:04.379,1.6448,1.6455,1.40,1.40
2010.05.03 08:34:04.833,1.6449,1.6456,1.40,1.40
2010.05.03 08:34:05.169,1.6448,1.6455,1.40,1.40
2010.05.03 08:34:16.944,1.64475,1.64545,1.40,1.40
2010.05.03 08:34:17.669,1.64485,1.64555,1.40,1.40
2010.05.03 08:34:18.349,1.64475,1.64545,1.40,1.40
2010.05.03 08:34:27.000,1.6448,1.6455,1.40,1.40
2010.05.03 08:34:27.380,1.64465,1.64535,1.40,1.40
2010.05.03 08:34:29.259,1.6446,1.6453,1.40,1.40
2010.05.03 08:34:31.359,1.64445,1.64515,1.40,1.40
2010.05.03 08:34:31.679,1.6445,1.6452,1.40,1.40
2010.05.03 08:34:32.019,1.64445,1.64515,1.40,1.40
2010.05.03 08:34:32.359,1.6444,1.6451,1.40,1.40
2010.05.03 08:34:33.720,1.6447,1.6454,1.40,1.40
2010.05.03 08:34:34.379,1.6446,1.6453,1.40,1.40
2010.05.03 08:34:38.660,1.64455,1.64525,1.40,1.40
2010.05.03 08:34:38.839,1.6446,1.6453,1.40,1.40
2010.05.03 08:34:39.020,1.64445,1.64515,1.40,1.40
2010.05.03 08:34:39.279,1.6447,1.6454,1.40,1.40
2010.05.03 08:34:41.499,1.64465,1.64535,1.40,1.40
2010.05.03 08:34:41.919,1.64475,1.64545,1.40,1.40
2010.05.03 08:34:48.079,1.6447,1.6454,1.40,1.40
2010.05.03 08:34:50.220,1.64465,1.64535,1.40,1.40
2010.05.03 08:35:11.052,1.64455,1.64525,1.40,1.40
2010.05.03 08:35:11.140,1.6446,1.6453,1.40,1.40
2010.05.03 08:35:11.480,1.64455,1.64525,1.40,1.40
2010.05.03 08:35:11.789,1.64465,1.64535,1.40,1.40
2010.05.03 08:35:12.132,1.6448,1.6455,1.40,1.40
2010.05.03 08:35:12.470,1.64475,1.64545,1.40,1.40
2010.05.03 08:35:14.409,1.6448,1.6455,1.40,1.40
2010.05.03 08:35:15.250,1.64485,1.64555,1.40,1.40
2010.05.03 08:35:16.880,1.64475,1.64545,1.40,1.40
2010.05.03 08:35:17.269,1.64465,1.64535,1.40,1.40
2010.05.03 08:35:20.562,1.64475,1.64545,1.40,1.40
2010.05.03 08:35:20.930,1.64465,1.64535,1.40,1.40
2010.05.03 08:35:21.589,1.6446,1.6453,1.40,1.40
2010.05.03 08:35:21.930,1.64465,1.64535,1.40,1.40
2010.05.03 08:35:23.289,1.6446,1.6453,1.40,1.40
2010.05.03 08:35:23.969,1.6445,1.6452,1.40,1.40
2010.05.03 08:35:25.329,1.64455,1.64525,1.40,1.40
2010.05.03 08:35:25.559,1.6446,1.6453,1.40,1.40
2010.05.03 08:35:25.789,1.64465,1.64535,1.40,1.40
2010.05.03 08:35:27.829,1.6446,1.6453,1.40,1.40
2010.05.03 08:35:27.959,1.64455,1.64525,1.40,1.40
2010.05.03 08:35:32.781,1.64455,1.6453,1.40,1.40
2010.05.03 08:35:33.429,1.6445,1.6452,1.40,1.40
2010.05.03 08:35:33.712,1.64455,1.64525,1.40,1.40
2010.05.03 08:35:35.489,1.64465,1.64535,1.40,1.40
2010.05.03 08:35:39.959,1.6447,1.6454,1.40,1.40
2010.05.03 08:35:42.040,1.6446,1.6453,1.40,1.40
2010.05.03 08:35:45.410,1.64465,1.64535,1.40,1.40
2010.05.03 08:35:45.660,1.6447,1.6454,1.40,1.40
2010.05.03 08:35:49.989,1.64465,1.64535,1.40,1.40
2010.05.03 08:35:50.886,1.64455,1.64525,1.40,1.40
2010.05.03 08:35:53.379,1.64465,1.64535,1.40,1.40
2010.05.03 08:36:08.150,1.6447,1.6454,1.40,1.40
2010.05.03 08:36:13.628,1.64465,1.64535,1.40,1.40
2010.05.03 08:36:14.430,1.6447,1.6454,1.40,1.40
2010.05.03 08:36:16.779,1.6446,1.6453,1.40,1.40
2010.05.03 08:36:23.459,1.64465,1.64535,1.40,1.40
2010.05.03 08:36:26.005,1.6446,1.6453,1.40,1.40
2010.05.03 08:36:29.029,1.64455,1.64525,1.40,1.40
2010.05.03 08:36:41.240,1.64475,1.64545,1.40,1.40
2010.05.03 08:36:42.210,1.64485,1.64555,1.40,1.40
2010.05.03 08:36:46.359,1.64475,1.64545,1.40,1.40
2010.05.03 08:36:46.770,1.64465,1.6454,1.40,1.40
2010.05.03 08:36:46.850,1.64465,1.64535,1.40,1.40
2010.05.03 08:36:48.210,1.64455,1.6453,1.40,1.40
2010.05.03 08:36:48.480,1.64445,1.64515,1.40,1.40
2010.05.03 08:36:48.750,1.6444,1.6451,1.40,1.40
2010.05.03 08:36:51.480,1.64455,1.64525,1.40,1.40
2010.05.03 08:36:53.559,1.64445,1.64515,1.40,1.40
2010.05.03 08:37:14.150,1.6443,1.645,1.40,1.40
2010.05.03 08:37:15.840,1.64425,1.64495,1.40,1.40
2010.05.03 08:37:16.299,1.6444,1.6451,1.40,1.40
2010.05.03 08:37:16.479,1.6443,1.645,1.40,1.40
2010.05.03 08:37:17.669,1.6444,1.6451,1.40,1.40
2010.05.03 08:37:18.010,1.6443,1.645,1.40,1.40
2010.05.03 08:37:19.799,1.64425,1.64495,1.40,1.40
2010.05.03 08:37:20.099,1.6442,1.6449,1.40,1.40
2010.05.03 08:37:22.200,1.64425,1.64495,1.40,1.40
2010.05.03 08:37:22.790,1.6443,1.645,1.40,1.40
2010.05.03 08:37:24.220,1.64435,1.64505,1.40,1.40
2010.05.03 08:37:24.740,1.6443,1.645,1.40,1.40
2010.05.03 08:37:26.749,1.6442,1.6449,1.40,1.40
2010.05.03 08:37:31.750,1.64425,1.64495,1.40,1.40
2010.05.03 08:37:32.150,1.6443,1.645,1.40,1.40
2010.05.03 08:37:32.350,1.6444,1.6451,1.40,1.40
2010.05.03 08:37:36.260,1.64445,1.64515,1.40,1.40
2010.05.03 08:37:36.860,1.6444,1.6451,1.40,1.40
2010.05.03 08:37:37.289,1.64445,1.64515,1.40,1.40
2010.05.03 08:37:37.590,1.64435,1.64505,1.40,1.40
2010.05.03 08:37:38.520,1.6443,1.645,1.40,1.40
2010.05.03 08:37:39.590,1.64435,1.64505,1.40,1.40
2010.05.03 08:37:45.541,1.64445,1.64515,1.40,1.40
2010.05.03 08:37:46.220,1.64455,1.64525,1.40,1.40
2010.05.03 08:37:46.680,1.6445,1.6452,1.40,1.40
2010.05.03 08:37:47.144,1.64445,1.64515,1.40,1.40
2010.05.03 08:37:54.640,1.6445,1.6452,1.40,1.40
2010.05.03 08:38:01.799,1.64455,1.64525,1.40,1.40
2010.05.03 08:38:05.750,1.64465,1.64535,1.40,1.40
2010.05.03 08:38:06.090,1.64445,1.64515,1.40,1.40
2010.05.03 08:38:07.001,1.6445,1.6452,1.40,1.40
2010.05.03 08:38:07.194,1.64455,1.64525,1.40,1.40
2010.05.03 08:38:07.380,1.6445,1.6452,1.40,1.40
2010.05.03 08:38:09.387,1.64445,1.64515,1.40,1.40
2010.05.03 08:38:15.890,1.6445,1.6452,1.40,1.40
2010.05.03 08:38:17.100,1.64455,1.64525,1.40,1.40
2010.05.03 08:38:20.130,1.6445,1.6452,1.40,1.40
2010.05.03 08:38:20.570,1.64455,1.64525,1.40,1.40
2010.05.03 08:38:20.990,1.6446,1.6453,1.40,1.40
2010.05.03 08:38:37.600,1.64465,1.64535,1.40,1.40
2010.05.03 08:38:37.759,1.6446,1.6453,1.40,1.40
2010.05.03 08:38:38.090,1.64455,1.64525,1.40,1.40
2010.05.03 08:38:38.749,1.64445,1.64515,1.40,1.40
2010.05.03 08:38:39.310,1.6444,1.6451,1.40,1.40
2010.05.03 08:38:41.410,1.64435,1.64505,1.40,1.40
2010.05.03 08:38:43.220,1.6443,1.64505,1.40,1.40
2010.05.03 08:38:45.760,1.64425,1.64495,1.40,1.40
2010.05.03 08:38:51.680,1.6442,1.6449,1.40,1.40
2010.05.03 08:39:04.943,1.64415,1.64485,1.40,1.40
2010.05.03 08:39:05.200,1.6442,1.6449,1.40,1.40
2010.05.03 08:39:05.460,1.64415,1.64485,1.40,1.40
2010.05.03 08:39:05.950,1.64425,1.64495,1.40,1.40
2010.05.03 08:39:06.181,1.64415,1.64485,1.40,1.40
2010.05.03 08:39:19.040,1.64395,1.64465,1.40,1.40
2010.05.03 08:39:19.380,1.64405,1.64475,1.40,1.40
2010.05.03 08:39:19.550,1.64395,1.64465,1.40,1.40
2010.05.03 08:39:19.720,1.644,1.6447,1.40,1.40
2010.05.03 08:39:22.630,1.64395,1.64465,1.40,1.40
2010.05.03 08:39:22.740,1.6439,1.64465,1.40,1.40
2010.05.03 08:39:23.040,1.64395,1.64465,1.40,1.40
2010.05.03 08:39:25.340,1.64405,1.64475,1.40,1.40
2010.05.03 08:39:32.460,1.64415,1.64485,1.40,1.40
2010.05.03 08:39:33.060,1.6441,1.6448,1.40,1.40
2010.05.03 08:39:35.430,1.6442,1.6449,1.40,1.40
2010.05.03 08:39:35.890,1.6441,1.6448,1.40,1.40
2010.05.03 08:39:40.740,1.6442,1.6449,1.40,1.40
2010.05.03 08:39:41.100,1.6441,1.6448,1.40,1.40
2010.05.03 08:39:43.600,1.6442,1.6449,1.40,1.40
2010.05.03 08:39:44.240,1.64425,1.64495,1.40,1.40
2010.05.03 08:39:47.310,1.6443,1.645,1.40,1.40
2010.05.03 08:39:47.384,1.64425,1.64495,1.40,1.40
2010.05.03 08:39:54.160,1.6442,1.6449,1.40,1.40
2010.05.03 08:39:56.897,1.64435,1.64505,1.40,1.40
2010.05.03 08:39:57.490,1.6442,1.6449,1.40,1.40
2010.05.03 08:39:58.110,1.64425,1.64495,1.40,1.40
2010.05.03 08:39:59.010,1.6443,1.645,1.40,1.40
2010.05.03 08:39:59.350,1.64425,1.64495,1.40,1.40
2010.05.03 08:40:06.550,1.6443,1.645,1.40,1.40
2010.05.03 08:40:08.050,1.64425,1.64495,1.40,1.40
2010.05.03 08:40:10.980,1.6443,1.645,1.40,1.40
2010.05.03 08:40:15.361,1.6442,1.6449,1.40,1.40
2010.05.03 08:40:15.630,1.64425,1.64495,1.40,1.40
2010.05.03 08:40:26.130,1.6442,1.6449,1.40,1.40
2010.05.03 08:40:28.062,1.64415,1.64485,1.40,1.40
2010.05.03 08:40:53.640,1.64405,1.64475,1.40,1.40
2010.05.03 08:40:53.940,1.64415,1.64485,1.40,1.40
2010.05.03 08:40:57.590,1.6443,1.645,1.40,1.40
2010.05.03 08:40:57.650,1.6442,1.6449,1.40,1.40
2010.05.03 08:40:58.110,1.64425,1.64495,1.40,1.40
2010.05.03 08:40:58.450,1.6443,1.645,1.40,1.40
2010.05.03 08:40:59.850,1.64435,1.6451,1.40,1.40
2010.05.03 08:41:09.300,1.6443,1.645,1.40,1.40
2010.05.03 08:41:12.740,1.64425,1.64495,1.40,1.40
2010.05.03 08:41:12.900,1.6442,1.6449,1.40,1.40
2010.05.03 08:41:22.080,1.6443,1.645,1.40,1.40
2010.05.03 08:41:22.270,1.6442,1.6449,1.40,1.40
2010.05.03 08:41:23.570,1.6441,1.64485,1.40,1.40
2010.05.03 08:41:25.860,1.6443,1.645,1.40,1.40
2010.05.03 08:41:31.290,1.6444,1.6451,1.40,1.40
2010.05.03 08:41:31.390,1.6445,1.6452,1.40,1.40
2010.05.03 08:41:35.010,1.64455,1.64525,1.40,1.40
2010.05.03 08:41:36.260,1.6444,1.6451,1.40,1.40
2010.05.03 08:41:38.570,1.64455,1.64525,1.40,1.40
2010.05.03 08:41:39.316,1.6446,1.6453,1.40,1.40
2010.05.03 08:41:39.501,1.64455,1.64525,1.40,1.40
2010.05.03 08:41:40.130,1.6445,1.6452,1.40,1.40
2010.05.03 08:41:41.860,1.64455,1.64525,1.40,1.40
2010.05.03 08:41:42.100,1.64465,1.64535,1.40,1.40
2010.05.03 08:41:47.910,1.64475,1.64545,1.40,1.40
2010.05.03 08:41:49.401,1.64465,1.6454,1.40,1.40
2010.05.03 08:41:49.741,1.64475,1.64545,1.40,1.40
2010.05.03 08:41:52.470,1.64485,1.64555,1.40,1.40
2010.05.03 08:41:59.690,1.64495,1.64565,1.40,1.40
2010.05.03 08:42:04.410,1.64485,1.64555,1.40,1.40
2010.05.03 08:42:07.440,1.64475,1.64545,1.40,1.40
2010.05.03 08:42:07.670,1.64485,1.64555,1.40,1.40
2010.05.03 08:42:08.130,1.6449,1.6456,1.40,1.40
2010.05.03 08:42:10.440,1.645,1.6457,1.40,1.40
2010.05.03 08:42:10.620,1.64485,1.64555,1.40,1.40
2010.05.03 08:42:10.980,1.645,1.6457,1.40,1.40
2010.05.03 08:42:23.510,1.6451,1.6458,1.40,1.40
2010.05.03 08:42:25.560,1.64505,1.64575,1.40,1.40
2010.05.03 08:42:41.110,1.64515,1.64585,1.40,1.40
2010.05.03 08:42:43.640,1.64505,1.64575,1.40,1.40
2010.05.03 08:42:55.000,1.64515,1.64585,1.40,1.40
2010.05.03 08:42:55.680,1.64505,1.64575,1.40,1.40
2010.05.03 08:42:58.110,1.64515,1.64585,1.40,1.40
2010.05.03 08:42:59.461,1.64505,1.64575,1.40,1.40
2010.05.03 08:43:01.821,1.64515,1.64585,1.40,1.40
2010.05.03 08:43:02.750,1.64505,1.64575,1.40,1.40
2010.05.03 08:43:08.650,1.64515,1.64585,1.40,1.40
2010.05.03 08:43:11.690,1.64495,1.64565,1.40,1.40
2010.05.03 08:43:14.260,1.64505,1.64575,1.40,1.40
2010.05.03 08:43:14.400,1.64515,1.64585,1.40,1.40
2010.05.03 08:43:15.720,1.64495,1.64565,1.40,1.40
2010.05.03 08:43:17.710,1.64505,1.64575,1.40,1.40
2010.05.03 08:43:18.070,1.64515,1.64585,1.40,1.40
2010.05.03 08:43:21.016,1.64495,1.64565,1.40,1.40
2010.05.03 08:43:21.251,1.64505,1.64575,1.40,1.40
2010.05.03 08:43:35.910,1.64515,1.64585,1.40,1.40
2010.05.03 08:43:41.350,1.6453,1.64605,1.40,1.40
2010.05.03 08:43:44.041,1.6454,1.6461,1.40,1.40
2010.05.03 08:43:45.740,1.6453,1.64605,1.40,1.40
2010.05.03 08:43:51.013,1.6454,1.6461,1.40,1.40
2010.05.03 08:43:51.170,1.6453,1.64605,1.40,1.40
2010.05.03 08:43:57.141,1.64525,1.64595,1.40,1.40
2010.05.03 08:44:04.490,1.6453,1.646,1.40,1.40
2010.05.03 08:44:20.171,1.6454,1.6461,1.40,1.40
2010.05.03 08:44:20.941,1.6453,1.646,1.40,1.40
2010.05.03 08:44:22.681,1.6454,1.6461,1.40,1.40
2010.05.03 08:44:41.950,1.6453,1.646,1.40,1.40
2010.05.03 08:44:43.580,1.6454,1.6461,1.40,1.40
2010.05.03 08:44:47.591,1.6453,1.646,1.40,1.40
2010.05.03 08:44:51.030,1.6452,1.64595,1.40,1.40
2010.05.03 08:44:53.530,1.6453,1.646,1.40,1.40
2010.05.03 08:44:54.400,1.64515,1.64585,1.40,1.40
2010.05.03 08:44:57.371,1.6452,1.64595,1.40,1.40
2010.05.03 08:45:00.710,1.6453,1.646,1.40,1.40
2010.05.03 08:45:01.130,1.6454,1.6461,1.40,1.40
2010.05.03 08:45:01.551,1.6453,1.646,1.40,1.40
2010.05.03 08:45:01.970,1.6452,1.64595,1.40,1.40
2010.05.03 08:45:08.061,1.6453,1.646,1.40,1.40
2010.05.03 08:45:08.630,1.6452,1.64595,1.40,1.40
2010.05.03 08:45:10.221,1.6453,1.646,1.40,1.40
2010.05.03 08:45:10.611,1.64525,1.64595,1.40,1.40
2010.05.03 08:45:10.810,1.6453,1.646,1.40,1.40
2010.05.03 08:45:11.010,1.64535,1.64605,1.40,1.40
2010.05.03 08:45:11.890,1.6454,1.6461,1.40,1.40
2010.05.03 08:45:12.400,1.64545,1.64615,1.40,1.40
2010.05.03 08:45:17.421,1.6456,1.6463,1.40,1.40
2010.05.03 08:45:17.492,1.64565,1.64635,1.40,1.40
2010.05.03 08:45:17.610,1.64555,1.64625,1.40,1.40
2010.05.03 08:45:17.981,1.6457,1.6464,1.40,1.40
2010.05.03 08:45:18.270,1.6458,1.6465,1.40,1.40
2010.05.03 08:45:25.410,1.6457,1.6464,1.40,1.40
2010.05.03 08:45:28.090,1.64585,1.64655,1.40,1.40
2010.05.03 08:45:28.591,1.6458,1.6465,1.40,1.40
2010.05.03 08:45:28.930,1.6459,1.6466,1.40,1.40
2010.05.03 08:45:30.180,1.6459,1.64665,1.40,1.40
2010.05.03 08:45:33.191,1.646,1.6467,1.40,1.40
2010.05.03 08:45:33.970,1.6459,1.64665,1.40,1.40
2010.05.03 08:45:37.228,1.6458,1.6465,1.40,1.40
2010.05.03 08:45:37.541,1.6459,1.64665,1.40,1.40
2010.05.03 08:45:37.850,1.6458,1.6465,1.40,1.40
2010.05.03 08:45:39.450,1.6459,1.64665,1.40,1.40
2010.05.03 08:45:39.951,1.6458,1.6465,1.40,1.40
2010.05.03 08:45:40.470,1.6459,1.6466,1.40,1.40
2010.05.03 08:45:42.258,1.6461,1.64685,1.40,1.40
2010.05.03 08:45:42.450,1.6461,1.6468,1.40,1.40
2010.05.03 08:45:42.650,1.646,1.6467,1.40,1.40
2010.05.03 08:45:42.950,1.64595,1.64665,1.40,1.40
2010.05.03 08:45:43.340,1.64585,1.6466,1.40,1.40
2010.05.03 08:45:45.530,1.64595,1.6467,1.40,1.40
2010.05.03 08:45:46.011,1.64595,1.64665,1.40,1.40
2010.05.03 08:45:47.720,1.64585,1.6466,1.40,1.40
2010.05.03 08:45:48.910,1.64595,1.64665,1.40,1.40
2010.05.03 08:45:50.361,1.64605,1.64675,1.40,1.40
2010.05.03 08:45:50.650,1.6461,1.6468,1.40,1.40
2010.05.03 08:45:51.971,1.64605,1.64675,1.40,1.40
2010.05.03 08:45:52.840,1.646,1.6467,1.40,1.40
2010.05.03 08:45:52.970,1.64595,1.64665,1.40,1.40
2010.05.03 08:45:53.292,1.646,1.6467,1.40,1.40
2010.05.03 08:45:55.000,1.6461,1.6468,1.40,1.40
2010.05.03 08:45:55.250,1.64605,1.64675,1.40,1.40
2010.05.03 08:45:55.910,1.6461,1.64685,1.40,1.40
2010.05.03 08:45:56.299,1.6461,1.6468,1.40,1.40
2010.05.03 08:45:56.920,1.64605,1.64675,1.40,1.40
2010.05.03 08:45:57.230,1.646,1.6467,1.40,1.40
2010.05.03 08:45:58.321,1.6459,1.6466,1.40,1.40
2010.05.03 08:45:58.780,1.64605,1.64675,1.40,1.40
2010.05.03 08:45:59.121,1.6459,1.6466,1.40,1.40
2010.05.03 08:46:06.461,1.64585,1.64655,1.40,1.40
2010.05.03 08:46:07.360,1.6459,1.6466,1.40,1.40
2010.05.03 08:46:08.580,1.64595,1.64665,1.40,1.40
2010.05.03 08:46:08.880,1.646,1.6467,1.40,1.40
2010.05.03 08:46:13.270,1.64605,1.64675,1.40,1.40
2010.05.03 08:46:13.621,1.646,1.6467,1.40,1.40
2010.05.03 08:46:14.090,1.64605,1.64675,1.40,1.40
2010.05.03 08:46:17.550,1.646,1.6467,1.40,1.40
2010.05.03 08:46:26.111,1.6461,1.6468,1.40,1.40
2010.05.03 08:46:26.660,1.64615,1.64685,1.40,1.40
2010.05.03 08:46:31.760,1.6461,1.6468,1.40,1.40
2010.05.03 08:46:37.107,1.64615,1.64685,1.40,1.40
2010.05.03 08:46:47.431,1.6462,1.6469,1.40,1.40
2010.05.03 08:46:47.621,1.6461,1.6468,1.40,1.40
2010.05.03 08:46:48.343,1.64605,1.64675,1.40,1.40
2010.05.03 08:46:49.021,1.64605,1.6468,1.40,1.40
2010.05.03 08:46:49.361,1.646,1.6467,1.40,1.40
2010.05.03 08:46:49.701,1.64595,1.6467,1.40,1.40
2010.05.03 08:46:50.041,1.64595,1.64665,1.40,1.40
2010.05.03 08:46:50.991,1.64585,1.6466,1.40,1.40
2010.05.03 08:46:52.040,1.646,1.6467,1.40,1.40
2010.05.03 08:46:52.230,1.64595,1.64665,1.40,1.40
2010.05.03 08:46:52.941,1.646,1.6467,1.40,1.40
2010.05.03 08:46:55.151,1.64605,1.64675,1.40,1.40
2010.05.03 08:46:55.811,1.6461,1.6468,1.40,1.40
2010.05.03 08:46:56.141,1.64615,1.64685,1.40,1.40
2010.05.03 08:46:57.101,1.6461,1.6468,1.40,1.40
2010.05.03 08:46:57.421,1.64605,1.64675,1.40,1.40
2010.05.03 08:46:58.341,1.6462,1.6469,1.40,1.40
2010.05.03 08:46:58.771,1.64605,1.64675,1.40,1.40
2010.05.03 08:46:59.170,1.64615,1.64685,1.40,1.40
2010.05.03 08:46:59.510,1.64605,1.64675,1.40,1.40
2010.05.03 08:46:59.851,1.646,1.6467,1.40,1.40
2010.05.03 08:47:11.837,1.64605,1.64675,1.40,1.40
2010.05.03 08:47:12.281,1.6461,1.6468,1.40,1.40
2010.05.03 08:47:14.150,1.646,1.6467,1.40,1.40
2010.05.03 08:47:14.725,1.6459,1.64665,1.40,1.40
2010.05.03 08:47:15.401,1.646,1.6467,1.40,1.40
2010.05.03 08:47:16.761,1.64615,1.64685,1.40,1.40
2010.05.03 08:47:17.071,1.6461,1.6468,1.40,1.40
2010.05.03 08:47:18.401,1.6462,1.6469,1.40,1.40
2010.05.03 08:47:22.610,1.64615,1.64685,1.40,1.40
2010.05.03 08:47:22.851,1.64605,1.64675,1.40,1.40
2010.05.03 08:47:24.000,1.6461,1.6468,1.40,1.40
2010.05.03 08:47:26.351,1.64615,1.64685,1.40,1.40
2010.05.03 08:47:27.432,1.6461,1.6468,1.40,1.40
2010.05.03 08:47:27.971,1.64605,1.64675,1.40,1.40
2010.05.03 08:47:28.671,1.646,1.6467,1.40,1.40
2010.05.03 08:47:29.162,1.6461,1.6468,1.40,1.40
2010.05.03 08:47:29.480,1.646,1.6467,1.40,1.40
2010.05.03 08:47:30.161,1.64595,1.64665,1.40,1.40
2010.05.03 08:47:30.501,1.646,1.6467,1.40,1.40
2010.05.03 08:47:30.842,1.64605,1.64675,1.40,1.40
2010.05.03 08:47:34.261,1.646,1.6467,1.40,1.40
2010.05.03 08:47:34.561,1.6459,1.64665,1.40,1.40
2010.05.03 08:47:39.950,1.64585,1.64655,1.40,1.40
2010.05.03 08:47:42.230,1.6459,1.6466,1.40,1.40
2010.05.03 08:47:47.781,1.64585,1.64655,1.40,1.40
2010.05.03 08:47:55.250,1.64595,1.64665,1.40,1.40
2010.05.03 08:47:55.651,1.646,1.6467,1.40,1.40
2010.05.03 08:47:56.280,1.64605,1.64675,1.40,1.40
2010.05.03 08:48:29.762,1.6463,1.647,1.40,1.40
2010.05.03 08:48:30.381,1.6462,1.6469,1.40,1.40
2010.05.03 08:48:30.690,1.64625,1.64695,1.40,1.40
2010.05.03 08:48:31.397,1.6463,1.647,1.40,1.40
2010.05.03 08:48:31.730,1.64625,1.64695,1.40,1.40
2010.05.03 08:48:32.931,1.6462,1.6469,1.40,1.40
2010.05.03 08:48:33.090,1.64615,1.64685,1.40,1.40
2010.05.03 08:48:43.110,1.64605,1.64675,1.40,1.40
2010.05.03 08:48:43.351,1.64615,1.64685,1.40,1.40
2010.05.03 08:48:47.161,1.6461,1.6468,1.40,1.40
2010.05.03 08:48:47.760,1.6462,1.6469,1.40,1.40
2010.05.03 08:49:00.920,1.6461,1.6468,1.40,1.40
2010.05.03 08:49:01.141,1.6462,1.6469,1.40,1.40
2010.05.03 08:49:02.831,1.6461,1.6468,1.40,1.40
2010.05.03 08:49:04.061,1.6462,1.6469,1.40,1.40
2010.05.03 08:49:04.231,1.6461,1.6468,1.40,1.40
2010.05.03 08:49:07.870,1.64605,1.64675,1.40,1.40
2010.05.03 08:49:08.181,1.646,1.6467,1.40,1.40
2010.05.03 08:49:09.920,1.64605,1.64675,1.40,1.40
2010.05.03 08:49:19.055,1.64595,1.64665,1.40,1.40
2010.05.03 08:49:26.021,1.64585,1.64655,1.40,1.40
2010.05.03 08:49:28.141,1.6459,1.6466,1.40,1.40
2010.05.03 08:49:28.400,1.64585,1.64655,1.40,1.40
2010.05.03 08:49:29.841,1.64595,1.64665,1.40,1.40
2010.05.03 08:49:35.781,1.64585,1.64655,1.40,1.40
2010.05.03 08:49:36.301,1.64595,1.64665,1.40,1.40
2010.05.03 08:49:38.441,1.64585,1.64655,1.40,1.40
2010.05.03 08:49:38.621,1.6459,1.6466,1.40,1.40
2010.05.03 08:49:38.750,1.64585,1.64655,1.40,1.40
2010.05.03 08:49:39.880,1.6458,1.6465,1.40,1.40
2010.05.03 08:49:41.521,1.64585,1.64655,1.40,1.40
2010.05.03 08:49:41.830,1.6459,1.6466,1.40,1.40
2010.05.03 08:49:42.140,1.64595,1.64665,1.40,1.40
2010.05.03 08:49:42.781,1.6459,1.64665,1.40,1.40
2010.05.03 08:49:43.111,1.6459,1.6466,1.40,1.40
2010.05.03 08:49:58.001,1.6459,1.64665,1.40,1.40
2010.05.03 08:49:58.240,1.64595,1.64665,1.40,1.40
2010.05.03 08:50:00.171,1.646,1.6467,1.40,1.40
2010.05.03 08:50:00.558,1.64575,1.64645,1.40,1.40
2010.05.03 08:50:01.011,1.6458,1.6465,1.40,1.40
2010.05.03 08:50:09.371,1.646,1.6467,1.40,1.40
2010.05.03 08:50:09.451,1.64595,1.64665,1.40,1.40
2010.05.03 08:50:13.200,1.646,1.64675,1.40,1.40
2010.05.03 08:50:29.775,1.6461,1.6468,1.40,1.40
2010.05.03 08:50:30.171,1.64605,1.64675,1.40,1.40
2010.05.03 08:50:36.731,1.64585,1.64655,1.40,1.40
2010.05.03 08:50:41.360,1.6459,1.6466,1.40,1.40
2010.05.03 08:50:41.601,1.64585,1.64655,1.40,1.40
2010.05.03 08:50:41.841,1.6459,1.6466,1.40,1.40
2010.05.03 08:50:42.641,1.64585,1.64655,1.40,1.40
2010.05.03 08:50:45.771,1.6458,1.6465,1.40,1.40
2010.05.03 08:50:48.131,1.64585,1.64655,1.40,1.40
2010.05.03 08:50:48.511,1.64595,1.64665,1.40,1.40
2010.05.03 08:50:51.771,1.64585,1.64655,1.40,1.40
2010.05.03 08:50:52.111,1.6458,1.6465,1.40,1.40
2010.05.03 08:50:55.660,1.64595,1.64665,1.40,1.40
2010.05.03 08:51:00.811,1.64585,1.64655,1.40,1.40
2010.05.03 08:51:01.653,1.64595,1.64665,1.40,1.40
2010.05.03 08:51:08.261,1.646,1.6467,1.40,1.40
2010.05.03 08:51:08.473,1.6459,1.6466,1.40,1.40
2010.05.03 08:51:08.802,1.64595,1.64665,1.40,1.40
2010.05.03 08:51:10.340,1.64585,1.64655,1.40,1.40
2010.05.03 08:51:10.591,1.64605,1.64675,1.40,1.40
2010.05.03 08:51:14.001,1.646,1.6467,1.40,1.40
2010.05.03 08:51:16.031,1.6459,1.6466,1.40,1.40
2010.05.03 08:51:28.480,1.646,1.6467,1.40,1.40
2010.05.03 08:51:30.881,1.64605,1.64675,1.40,1.40
2010.05.03 08:51:35.880,1.6461,1.6468,1.40,1.40
2010.05.03 08:51:36.141,1.64615,1.6469,1.40,1.40
2010.05.03 08:51:38.191,1.64625,1.64695,1.40,1.40
2010.05.03 08:51:43.303,1.6462,1.6469,1.40,1.40
2010.05.03 08:51:43.464,1.6461,1.6468,1.40,1.40
2010.05.03 08:51:47.441,1.6462,1.6469,1.40,1.40
2010.05.03 08:51:52.111,1.64615,1.64685,1.40,1.40
2010.05.03 08:51:56.341,1.6461,1.6468,1.40,1.40
2010.05.03 08:52:00.566,1.6462,1.6469,1.40,1.40
2010.05.03 08:52:01.711,1.6461,1.6468,1.40,1.40
2010.05.03 08:52:05.350,1.6462,1.6469,1.40,1.40
2010.05.03 08:52:05.730,1.6461,1.6468,1.40,1.40
2010.05.03 08:52:14.390,1.64605,1.64675,1.40,1.40
2010.05.03 08:52:14.500,1.64595,1.64665,1.40,1.40
2010.05.03 08:52:14.771,1.6459,1.6466,1.40,1.40
2010.05.03 08:52:15.271,1.646,1.6467,1.40,1.40
2010.05.03 08:52:17.031,1.64595,1.64665,1.40,1.40
2010.05.03 08:52:17.431,1.64615,1.64685,1.40,1.40
2010.05.03 08:52:18.151,1.6461,1.6468,1.40,1.40
2010.05.03 08:52:18.455,1.64605,1.64675,1.40,1.40
2010.05.03 08:52:19.741,1.6461,1.6468,1.40,1.40
2010.05.03 08:52:20.581,1.64615,1.64685,1.40,1.40
2010.05.03 08:52:21.811,1.6462,1.6469,1.40,1.40
2010.05.03 08:52:22.141,1.6461,1.6468,1.40,1.40
2010.05.03 08:52:25.781,1.646,1.64675,1.40,1.40
2010.05.03 08:52:26.233,1.6461,1.6468,1.40,1.40
2010.05.03 08:52:27.851,1.646,1.64675,1.40,1.40
2010.05.03 08:52:27.991,1.6461,1.6468,1.40,1.40
2010.05.03 08:52:29.282,1.64605,1.64675,1.40,1.40
2010.05.03 08:52:29.471,1.646,1.6467,1.40,1.40
2010.05.03 08:52:35.592,1.64595,1.64665,1.40,1.40
2010.05.03 08:52:36.272,1.6459,1.6466,1.40,1.40
2010.05.03 08:52:38.570,1.64585,1.6466,1.40,1.40
2010.05.03 08:52:39.381,1.64595,1.64665,1.40,1.40
2010.05.03 08:52:40.311,1.64605,1.64675,1.40,1.40
2010.05.03 08:52:41.971,1.64595,1.6467,1.40,1.40
2010.05.03 08:52:46.441,1.64615,1.64685,1.40,1.40
2010.05.03 08:52:46.571,1.64595,1.64665,1.40,1.40
2010.05.03 08:52:47.081,1.64605,1.64675,1.40,1.40
2010.05.03 08:52:47.761,1.64595,1.64665,1.40,1.40
2010.05.03 08:52:48.391,1.64605,1.64675,1.40,1.40
2010.05.03 08:52:50.661,1.64615,1.64685,1.40,1.40
2010.05.03 08:52:50.961,1.64595,1.64665,1.40,1.40
2010.05.03 08:52:51.411,1.64605,1.64675,1.40,1.40
2010.05.03 08:52:52.752,1.6461,1.6468,1.40,1.40
2010.05.03 08:52:53.072,1.64605,1.6468,1.40,1.40
2010.05.03 08:52:53.621,1.64615,1.64685,1.40,1.40
2010.05.03 08:52:53.961,1.64625,1.64695,1.40,1.40
2010.05.03 08:52:55.560,1.64615,1.64685,1.40,1.40
2010.05.03 08:52:59.982,1.6463,1.647,1.40,1.40
2010.05.03 08:53:01.501,1.6462,1.6469,1.40,1.40
2010.05.03 08:53:06.941,1.6463,1.647,1.40,1.40
2010.05.03 08:53:07.551,1.6462,1.6469,1.40,1.40
2010.05.03 08:53:07.915,1.6463,1.647,1.40,1.40
2010.05.03 08:53:08.151,1.64625,1.64695,1.40,1.40
2010.05.03 08:53:27.581,1.64635,1.64705,1.40,1.40
2010.05.03 08:53:28.771,1.64625,1.64695,1.40,1.40
2010.05.03 08:53:30.601,1.64615,1.6469,1.40,1.40
2010.05.03 08:53:32.131,1.64625,1.64695,1.40,1.40
2010.05.03 08:53:32.491,1.64615,1.6469,1.40,1.40
2010.05.03 08:53:34.101,1.6462,1.6469,1.40,1.40
2010.05.03 08:53:36.812,1.6461,1.6468,1.40,1.40
2010.05.03 08:53:49.912,1.64615,1.6469,1.40,1.40
2010.05.03 08:53:50.452,1.6462,1.6469,1.40,1.40
2010.05.03 08:54:01.151,1.64625,1.647,1.40,1.40
2010.05.03 08:54:02.311,1.6462,1.6469,1.40,1.40
2010.05.03 08:54:02.481,1.64615,1.6469,1.40,1.40
2010.05.03 08:54:02.651,1.64625,1.64695,1.40,1.40
2010.05.03 08:54:04.211,1.64635,1.64705,1.40,1.40
2010.05.03 08:54:04.651,1.64625,1.64695,1.40,1.40
2010.05.03 08:54:09.352,1.64635,1.64705,1.40,1.40
2010.05.03 08:54:22.791,1.64625,1.64695,1.40,1.40
2010.05.03 08:54:24.651,1.64645,1.64715,1.40,1.40
2010.05.03 08:54:25.041,1.64655,1.64725,1.40,1.40
2010.05.03 08:54:25.611,1.6465,1.6472,1.40,1.40
2010.05.03 08:54:26.101,1.64645,1.64715,1.40,1.40
2010.05.03 08:54:36.071,1.6465,1.6472,1.40,1.40
2010.05.03 08:54:37.941,1.6463,1.647,1.40,1.40
2010.05.03 08:54:38.281,1.6462,1.6469,1.40,1.40
2010.05.03 08:54:38.621,1.6461,1.6468,1.40,1.40
2010.05.03 08:54:51.592,1.64615,1.6469,1.40,1.40
2010.05.03 08:54:53.195,1.64615,1.64685,1.40,1.40
2010.05.03 08:54:53.641,1.646,1.6467,1.40,1.40
2010.05.03 08:54:54.183,1.6461,1.6468,1.40,1.40
2010.05.03 08:55:07.681,1.64615,1.6469,1.40,1.40
2010.05.03 08:55:08.123,1.6461,1.6468,1.40,1.40
2010.05.03 08:55:23.842,1.646,1.6467,1.40,1.40
2010.05.03 08:55:24.873,1.64615,1.64685,1.40,1.40
2010.05.03 08:55:25.111,1.64595,1.64665,1.40,1.40
2010.05.03 08:55:25.451,1.646,1.6467,1.40,1.40
2010.05.03 08:55:26.931,1.6461,1.6468,1.40,1.40
2010.05.03 08:55:31.571,1.64615,1.64685,1.40,1.40
2010.05.03 08:55:31.863,1.6462,1.6469,1.40,1.40
2010.05.03 08:55:35.001,1.64615,1.64685,1.40,1.40
2010.05.03 08:55:35.102,1.6461,1.6468,1.40,1.40
2010.05.03 08:55:36.791,1.64615,1.6469,1.40,1.40
2010.05.03 08:55:37.171,1.6461,1.6468,1.40,1.40
2010.05.03 08:55:37.659,1.64605,1.64675,1.40,1.40
2010.05.03 08:55:37.991,1.64625,1.64695,1.40,1.40
2010.05.03 08:55:38.331,1.6463,1.64705,1.40,1.40
2010.05.03 08:55:39.862,1.64625,1.64695,1.40,1.40
2010.05.03 08:55:40.472,1.64605,1.64675,1.40,1.40
2010.05.03 08:55:42.422,1.646,1.6467,1.40,1.40
2010.05.03 08:55:42.511,1.64595,1.64665,1.40,1.40
2010.05.03 08:55:42.751,1.646,1.6467,1.40,1.40
2010.05.03 08:55:43.311,1.6462,1.6469,1.40,1.40
2010.05.03 08:55:56.013,1.6461,1.6468,1.40,1.40
2010.05.03 08:55:56.235,1.646,1.6467,1.40,1.40
2010.05.03 08:55:56.671,1.64595,1.64665,1.40,1.40
2010.05.03 08:55:57.012,1.646,1.6467,1.40,1.40
2010.05.03 08:55:57.352,1.64605,1.64675,1.40,1.40
2010.05.03 08:56:01.853,1.64595,1.64665,1.40,1.40
2010.05.03 08:56:02.872,1.6459,1.6466,1.40,1.40
2010.05.03 08:56:04.261,1.64585,1.64655,1.40,1.40
2010.05.03 08:56:04.991,1.64575,1.64645,1.40,1.40
2010.05.03 08:56:07.011,1.6456,1.6463,1.40,1.40
2010.05.03 08:56:07.221,1.64555,1.64625,1.40,1.40
2010.05.03 08:56:08.211,1.64565,1.64635,1.40,1.40
2010.05.03 08:56:08.452,1.64575,1.64645,1.40,1.40
2010.05.03 08:56:08.691,1.64555,1.64625,1.40,1.40
2010.05.03 08:56:09.013,1.6456,1.6463,1.40,1.40
2010.05.03 08:56:09.651,1.6455,1.64625,1.40,1.40
2010.05.03 08:56:09.971,1.6456,1.6463,1.40,1.40
2010.05.03 08:56:10.311,1.6457,1.6464,1.40,1.40
2010.05.03 08:56:10.651,1.64555,1.6463,1.40,1.40
2010.05.03 08:56:10.991,1.64565,1.64635,1.40,1.40
2010.05.03 08:56:13.161,1.64555,1.64625,1.40,1.40
2010.05.03 08:56:13.461,1.64565,1.64635,1.40,1.40
2010.05.03 08:56:13.772,1.64555,1.64625,1.40,1.40
2010.05.03 08:56:16.852,1.64565,1.64635,1.40,1.40
2010.05.03 08:56:17.071,1.6457,1.64645,1.40,1.40
2010.05.03 08:56:18.351,1.64565,1.64635,1.40,1.40
2010.05.03 08:56:18.771,1.6457,1.64645,1.40,1.40
2010.05.03 08:56:23.941,1.64565,1.64635,1.40,1.40
2010.05.03 08:56:40.024,1.6457,1.64645,1.40,1.40
2010.05.03 08:56:41.301,1.64565,1.64635,1.40,1.40
2010.05.03 08:56:43.701,1.64555,1.64625,1.40,1.40
2010.05.03 08:56:44.400,1.64545,1.64615,1.40,1.40
2010.05.03 08:56:44.441,1.6454,1.6461,1.40,1.40
2010.05.03 08:56:45.912,1.6455,1.6462,1.40,1.40
2010.05.03 08:56:48.541,1.64545,1.64615,1.40,1.40
2010.05.03 08:56:50.801,1.6455,1.6462,1.40,1.40
2010.05.03 08:56:52.251,1.6456,1.6463,1.40,1.40
2010.05.03 08:56:53.401,1.64565,1.64635,1.40,1.40
2010.05.03 08:56:54.051,1.6456,1.6463,1.40,1.40
2010.05.03 08:56:56.021,1.64565,1.64635,1.40,1.40
2010.05.03 08:56:56.281,1.6457,1.6464,1.40,1.40
2010.05.03 08:56:56.722,1.64565,1.64635,1.40,1.40
2010.05.03 08:57:03.581,1.64575,1.64645,1.40,1.40
2010.05.03 08:57:09.571,1.64595,1.64665,1.40,1.40
2010.05.03 08:57:09.751,1.64585,1.64655,1.40,1.40
2010.05.03 08:57:12.141,1.6459,1.6466,1.40,1.40
2010.05.03 08:57:17.241,1.646,1.6467,1.40,1.40
2010.05.03 08:57:19.051,1.64595,1.64665,1.40,1.40
2010.05.03 08:57:32.901,1.6459,1.6466,1.40,1.40
2010.05.03 08:57:38.731,1.6458,1.6465,1.40,1.40
2010.05.03 08:57:47.891,1.64575,1.6465,1.40,1.40
2010.05.03 08:57:48.121,1.6457,1.6464,1.40,1.40
2010.05.03 08:57:54.611,1.64565,1.64635,1.40,1.40
2010.05.03 08:57:55.591,1.64555,1.64625,1.40,1.40
2010.05.03 08:57:56.073,1.6456,1.6463,1.40,1.40
2010.05.03 08:57:57.481,1.6457,1.6464,1.40,1.40
2010.05.03 08:58:00.951,1.64565,1.64635,1.40,1.40
2010.05.03 08:58:09.651,1.64555,1.64625,1.40,1.40
2010.05.03 08:58:10.011,1.64575,1.64645,1.40,1.40
2010.05.03 08:58:12.431,1.64565,1.64635,1.40,1.40
2010.05.03 08:58:15.411,1.64575,1.64645,1.40,1.40
2010.05.03 08:58:16.481,1.64565,1.64635,1.40,1.40
2010.05.03 08:58:17.482,1.64575,1.64645,1.40,1.40
2010.05.03 08:58:38.236,1.6457,1.6464,1.40,1.40
2010.05.03 08:58:38.336,1.6456,1.6463,1.40,1.40
2010.05.03 08:58:38.431,1.64555,1.64625,1.40,1.40
2010.05.03 08:58:41.111,1.6454,1.6461,1.40,1.40
2010.05.03 08:58:41.692,1.6454,1.64615,1.40,1.40
2010.05.03 08:58:43.131,1.6452,1.6459,1.40,1.40
2010.05.03 08:58:43.358,1.64535,1.64605,1.40,1.40
2010.05.03 08:58:43.562,1.6454,1.6461,1.40,1.40
2010.05.03 08:58:43.671,1.6453,1.64605,1.40,1.40
2010.05.03 08:58:43.891,1.64535,1.64605,1.40,1.40
2010.05.03 08:58:45.122,1.6452,1.6459,1.40,1.40
2010.05.03 08:58:45.681,1.64525,1.64595,1.40,1.40
2010.05.03 08:58:45.931,1.64535,1.64605,1.40,1.40
2010.05.03 08:58:48.922,1.6451,1.6458,1.40,1.40
2010.05.03 08:58:49.002,1.64525,1.646,1.40,1.40
2010.05.03 08:58:49.082,1.6452,1.6459,1.40,1.40
2010.05.03 08:58:50.222,1.64525,1.646,1.40,1.40
2010.05.03 08:58:51.381,1.64515,1.64585,1.40,1.40
2010.05.03 08:58:57.577,1.6452,1.6459,1.40,1.40
2010.05.03 08:59:01.612,1.6451,1.6458,1.40,1.40
2010.05.03 08:59:02.961,1.64515,1.64585,1.40,1.40
2010.05.03 08:59:09.341,1.6451,1.6458,1.40,1.40
2010.05.03 08:59:09.481,1.645,1.6457,1.40,1.40
2010.05.03 08:59:09.761,1.6449,1.6456,1.40,1.40
2010.05.03 08:59:12.832,1.645,1.6457,1.40,1.40
2010.05.03 08:59:16.481,1.64505,1.64575,1.40,1.40
2010.05.03 08:59:20.832,1.645,1.6457,1.40,1.40
2010.05.03 08:59:21.164,1.64505,1.6458,1.40,1.40
2010.05.03 08:59:22.761,1.64505,1.64575,1.40,1.40
2010.05.03 08:59:25.351,1.6451,1.6458,1.40,1.40
2010.05.03 08:59:27.891,1.645,1.6457,1.40,1.40
2010.05.03 08:59:28.792,1.64495,1.64565,1.40,1.40
2010.05.03 08:59:28.893,1.64505,1.64575,1.40,1.40
2010.05.03 08:59:31.762,1.6451,1.6458,1.40,1.40
2010.05.03 08:59:31.952,1.64495,1.64565,1.40,1.40
2010.05.03 08:59:32.142,1.645,1.6457,1.40,1.40
2010.05.03 08:59:32.332,1.6449,1.6456,1.40,1.40
2010.05.03 08:59:32.722,1.64495,1.64565,1.40,1.40
2010.05.03 08:59:35.431,1.64485,1.64555,1.40,1.40
2010.05.03 08:59:38.142,1.6449,1.6456,1.40,1.40
2010.05.03 08:59:38.971,1.64495,1.64565,1.40,1.40
2010.05.03 08:59:41.211,1.645,1.6457,1.40,1.40
2010.05.03 08:59:43.261,1.64495,1.64565,1.40,1.40
2010.05.03 08:59:43.821,1.6449,1.6456,1.40,1.40
2010.05.03 08:59:45.173,1.645,1.64585,1.40,1.40
2010.05.03 08:59:45.432,1.64515,1.64585,1.40,1.40
2010.05.03 08:59:46.111,1.6451,1.6458,1.40,1.40
2010.05.03 08:59:48.932,1.64535,1.64605,1.40,1.40
2010.05.03 08:59:52.671,1.6455,1.6462,1.40,1.40
2010.05.03 08:59:53.512,1.64545,1.64615,1.40,1.40
2010.05.03 08:59:53.991,1.6455,1.6462,1.40,1.40
2010.05.03 08:59:56.042,1.6454,1.6461,1.40,1.40
2010.05.03 08:59:57.487,1.6455,1.6462,1.40,1.40
2010.05.03 08:59:57.742,1.6453,1.646,1.40,1.40
2010.05.03 08:59:58.002,1.64525,1.64595,1.40,1.40
2010.05.03 08:59:58.341,1.6452,1.6459,1.40,1.40
2010.05.03 08:59:59.272,1.6453,1.646,1.40,1.40
