2015.03.18 21:00:00.104,1.92529,1.92671,0.75,0.75
2015.03.18 21:00:00.207,1.92499,1.92651,0.75,0.75
2015.03.18 21:00:00.562,1.92503,1.92662,0.75,0.75
2015.03.18 21:00:54.113,1.92701,1.92887,0.10,0.67
2015.03.18 21:00:58.504,1.92701,1.92893,0.10,0.10
2015.03.18 21:00:59.238,1.92675,1.92864,0.10,0.10
2015.03.18 21:01:02.403,1.92706,1.92864,0.10,0.10
2015.03.18 21:01:02.454,1.92707,1.92894,0.10,0.10
2015.03.18 21:01:20.326,1.92707,1.92837,0.10,0.10
2015.03.18 21:01:20.376,1.92648,1.92835,0.10,0.10
2015.03.18 21:01:22.363,1.92694,1.92883,0.15,0.15
2015.03.18 21:01:24.066,1.9266,1.92849,0.15,0.15
2015.03.18 21:01:41.924,1.92712,1.92894,0.15,0.60
2015.03.18 21:01:41.976,1.92712,1.92901,0.15,0.15
2015.03.18 21:01:45.585,1.92712,1.92854,0.10,0.10
2015.03.18 21:01:45.635,1.92665,1.92854,0.15,0.15
2015.03.18 21:01:51.095,1.92704,1.92878,0.15,0.75
2015.03.18 21:01:51.204,1.92704,1.92893,0.15,0.15
2015.03.18 21:02:11.427,1.92699,1.92888,0.10,0.10
2015.03.18 21:02:31.323,1.92729,1.92888,0.10,0.10
2015.03.18 21:02:31.373,1.9273,1.92917,0.10,0.10
2015.03.18 21:02:35.427,1.92758,1.92917,0.10,0.10
2015.03.18 21:02:35.478,1.92758,1.92947,0.15,0.15
2015.03.18 21:02:47.293,1.92786,1.92974,0.10,0.10
2015.03.18 21:03:07.482,1.92792,1.92975,0.10,0.10
2015.03.18 21:03:07.533,1.92792,1.92981,0.10,0.10
2015.03.18 21:03:27.268,1.92756,1.92944,0.10,0.10
2015.03.18 21:03:34.368,1.92754,1.92867,0.10,0.10
2015.03.18 21:03:34.419,1.9268,1.92867,0.10,0.10
2015.03.18 21:03:34.469,1.92718,1.92868,0.10,0.10
2015.03.18 21:03:34.650,1.92679,1.92868,0.15,0.15
2015.03.18 21:03:55.447,1.92683,1.92868,0.10,0.10
2015.03.18 21:03:55.497,1.92684,1.92871,0.10,0.10
2015.03.18 21:03:57.580,1.92683,1.92839,0.10,0.10
2015.03.18 21:03:57.630,1.9265,1.92839,0.15,0.15
2015.03.18 21:04:17.861,1.92644,1.92843,1.20,1.20
2015.03.18 21:04:29.578,1.92651,1.92843,1.17,1.20
2015.03.18 21:04:32.924,1.9265,1.92843,1.75,1.20
2015.03.18 21:04:34.500,1.92663,1.92843,1.81,1.20
2015.03.18 21:04:36.412,1.92673,1.9287,1.17,1.20
2015.03.18 21:04:36.463,1.92673,1.92872,1.25,1.20
2015.03.18 21:04:56.571,1.92679,1.9288,1.20,1.20
2015.03.18 21:04:58.253,1.92686,1.9288,1.96,1.20
2015.03.18 21:05:01.040,1.92685,1.9288,1.31,1.20
2015.03.18 21:05:04.671,1.92729,1.92899,1.20,1.59
2015.03.18 21:05:05.008,1.92767,1.92893,1.00,1.00
2015.03.18 21:05:05.070,1.92771,1.92899,1.00,1.00
2015.03.18 21:05:05.599,1.92771,1.92874,1.00,1.00
2015.03.18 21:05:05.751,1.92771,1.92899,1.00,1.00
2015.03.18 21:05:05.888,1.92729,1.92914,1.20,1.00
2015.03.18 21:05:06.324,1.92751,1.92914,1.00,1.00
2015.03.18 21:05:06.937,1.92729,1.92914,1.20,1.00
2015.03.18 21:05:07.640,1.92726,1.92914,2.20,1.60
2015.03.18 21:05:07.691,1.92723,1.92902,1.99,1.20
2015.03.18 21:05:09.993,1.92777,1.92893,1.00,1.00
2015.03.18 21:05:10.314,1.92782,1.92898,1.00,1.00
2015.03.18 21:05:10.624,1.92787,1.92898,1.40,1.00
2015.03.18 21:05:10.902,1.92787,1.92904,1.40,1.00
2015.03.18 21:05:11.002,1.92786,1.92904,1.00,1.00
2015.03.18 21:05:11.122,1.9276,1.92908,1.20,1.00
2015.03.18 21:05:11.279,1.92742,1.92908,1.00,1.00
2015.03.18 21:05:12.030,1.92742,1.92908,1.00,1.60
2015.03.18 21:05:12.442,1.92726,1.92901,1.67,1.20
2015.03.18 21:05:12.744,1.92719,1.92901,1.38,1.20
2015.03.18 21:05:15.169,1.92708,1.92901,1.05,1.20
2015.03.18 21:05:15.679,1.92723,1.92901,1.53,1.20
2015.03.18 21:05:19.540,1.92716,1.92901,1.10,1.20
2015.03.18 21:05:24.434,1.92706,1.92901,1.64,1.20
2015.03.18 21:05:27.831,1.92734,1.92901,1.53,1.20
2015.03.18 21:05:28.251,1.92748,1.92879,1.53,1.00
2015.03.18 21:05:29.929,1.92748,1.92888,1.53,1.00
2015.03.18 21:05:32.022,1.92748,1.92878,1.53,1.00
2015.03.18 21:05:37.558,1.92758,1.92878,1.57,1.00
2015.03.18 21:05:41.921,1.92758,1.92889,1.57,1.00
2015.03.18 21:05:42.139,1.92758,1.92884,1.57,1.00
2015.03.18 21:05:43.498,1.92762,1.92883,1.41,1.00
2015.03.18 21:05:43.919,1.92765,1.92883,1.00,1.00
2015.03.18 21:05:44.020,1.92761,1.92883,1.69,1.00
2015.03.18 21:05:48.850,1.92761,1.92884,1.69,1.00
2015.03.18 21:05:51.261,1.9274,1.92884,1.90,1.00
2015.03.18 21:05:52.959,1.92771,1.92884,1.63,1.00
2015.03.18 21:05:53.071,1.92775,1.92884,1.00,1.00
2015.03.18 21:05:53.174,1.92771,1.92884,1.59,1.00
2015.03.18 21:05:53.950,1.92771,1.92879,1.59,1.00
2015.03.18 21:05:54.350,1.92771,1.92883,1.59,1.00
2015.03.18 21:05:55.101,1.92774,1.92883,1.00,1.00
2015.03.18 21:05:55.203,1.9277,1.92883,1.01,1.00
2015.03.18 21:05:56.125,1.9277,1.92904,1.01,1.00
2015.03.18 21:05:56.176,1.9277,1.92928,1.01,1.20
2015.03.18 21:05:56.226,1.92784,1.92928,2.10,1.20
2015.03.18 21:05:56.377,1.92793,1.92962,1.45,1.20
2015.03.18 21:05:56.519,1.92812,1.92962,1.00,1.20
2015.03.18 21:05:56.835,1.92814,1.92992,1.00,1.20
2015.03.18 21:05:58.455,1.92816,1.92992,1.00,1.20
2015.03.18 21:05:58.556,1.92813,1.92992,1.67,1.20
2015.03.18 21:06:00.431,1.92816,1.92992,1.00,1.20
2015.03.18 21:06:00.534,1.92814,1.92992,1.61,1.20
2015.03.18 21:06:00.638,1.92812,1.92992,1.37,1.20
2015.03.18 21:06:00.804,1.92812,1.9299,1.37,1.05
2015.03.18 21:06:01.326,1.92812,1.9299,2.16,1.05
2015.03.18 21:06:02.589,1.92818,1.9299,1.63,1.05
2015.03.18 21:06:02.881,1.92818,1.9299,1.63,1.05
2015.03.18 21:06:03.637,1.92817,1.9299,1.05,1.05
2015.03.18 21:06:05.464,1.92818,1.9299,1.51,1.05
2015.03.18 21:06:06.127,1.92818,1.9299,1.51,1.05
2015.03.18 21:06:06.192,1.92818,1.9299,1.51,1.05
2015.03.18 21:06:07.262,1.92818,1.9299,1.53,1.05
2015.03.18 21:06:07.830,1.92818,1.9299,1.53,1.05
2015.03.18 21:06:08.166,1.92818,1.9299,1.53,1.05
2015.03.18 21:06:08.520,1.92812,1.9299,1.90,1.05
2015.03.18 21:06:09.428,1.92823,1.9299,1.37,1.05
2015.03.18 21:06:17.373,1.92818,1.92996,1.90,1.37
2015.03.18 21:06:17.898,1.92824,1.92996,1.37,1.37
2015.03.18 21:06:18.328,1.92819,1.92996,1.09,1.37
2015.03.18 21:06:18.633,1.92813,1.92996,1.05,1.37
2015.03.18 21:06:18.991,1.92819,1.92996,1.37,1.37
2015.03.18 21:06:19.969,1.92816,1.92996,1.05,1.37
2015.03.18 21:06:20.207,1.92816,1.92996,1.05,1.37
2015.03.18 21:06:21.699,1.9282,1.92996,1.37,1.37
2015.03.18 21:06:22.242,1.92819,1.92996,1.37,1.37
2015.03.18 21:06:22.987,1.92821,1.92996,1.37,1.37
2015.03.18 21:06:23.596,1.9282,1.92996,1.37,1.37
2015.03.18 21:06:24.203,1.92824,1.92996,1.37,1.37
2015.03.18 21:06:24.308,1.9282,1.92996,1.00,1.37
2015.03.18 21:06:24.409,1.9282,1.92996,1.37,1.37
2015.03.18 21:06:24.711,1.92828,1.93007,1.47,1.05
2015.03.18 21:06:25.340,1.92831,1.93007,1.00,1.05
2015.03.18 21:06:25.405,1.92828,1.93007,1.45,1.05
2015.03.18 21:06:26.568,1.92828,1.93007,1.45,1.05
2015.03.18 21:06:26.888,1.92827,1.93007,1.50,1.05
2015.03.18 21:06:27.328,1.92831,1.93007,1.00,1.05
2015.03.18 21:06:27.430,1.92828,1.93007,1.41,1.05
2015.03.18 21:06:27.846,1.92827,1.93007,1.67,1.05
2015.03.18 21:06:28.538,1.92827,1.93007,1.67,1.05
2015.03.18 21:06:28.892,1.92827,1.93007,1.06,1.05
2015.03.18 21:06:29.769,1.92827,1.93007,1.06,1.05
2015.03.18 21:06:30.072,1.92828,1.93007,1.45,1.05
2015.03.18 21:06:31.219,1.92821,1.93003,1.87,1.45
2015.03.18 21:06:31.523,1.92823,1.93007,1.57,1.05
2015.03.18 21:06:32.040,1.92823,1.93007,1.57,1.05
2015.03.18 21:06:32.229,1.92823,1.93007,1.57,1.05
2015.03.18 21:06:33.031,1.92813,1.93006,2.09,1.52
2015.03.18 21:06:33.557,1.92815,1.92997,1.65,1.37
2015.03.18 21:06:34.074,1.92815,1.93007,1.65,1.05
2015.03.18 21:06:34.376,1.92816,1.93007,1.47,1.05
2015.03.18 21:06:35.449,1.92819,1.93003,1.37,1.45
2015.03.18 21:06:36.217,1.92817,1.93007,1.01,1.80
2015.03.18 21:06:36.822,1.92817,1.92992,1.01,1.37
2015.03.18 21:06:37.429,1.92813,1.92993,1.05,1.37
2015.03.18 21:06:37.580,1.92812,1.92988,1.57,1.00
2015.03.18 21:06:37.937,1.92812,1.9299,1.57,1.37
2015.03.18 21:06:38.260,1.92816,1.9299,1.00,1.37
2015.03.18 21:06:38.364,1.92812,1.9299,1.68,1.37
2015.03.18 21:06:38.949,1.92813,1.92994,1.57,1.37
2015.03.18 21:06:39.266,1.92817,1.92995,1.00,1.37
2015.03.18 21:06:39.352,1.92817,1.92995,1.00,1.37
2015.03.18 21:06:39.403,1.92813,1.92995,1.06,1.37
2015.03.18 21:06:39.812,1.92843,1.92974,1.00,1.00
2015.03.18 21:06:40.926,1.92837,1.92968,1.00,1.00
2015.03.18 21:06:41.232,1.92833,1.92964,1.00,1.00
2015.03.18 21:06:41.687,1.92833,1.92964,1.07,1.00
2015.03.18 21:06:41.944,1.92836,1.92966,1.10,1.00
2015.03.18 21:06:42.046,1.9284,1.92971,1.00,1.00
2015.03.18 21:06:42.854,1.92841,1.9297,1.00,1.00
2015.03.18 21:06:43.057,1.92838,1.92969,1.00,1.00
2015.03.18 21:06:43.262,1.92834,1.92965,1.15,1.00
2015.03.18 21:06:43.869,1.92835,1.92964,1.17,1.00
2015.03.18 21:06:44.477,1.92838,1.92969,1.00,1.00
2015.03.18 21:06:45.385,1.92841,1.92972,1.00,1.00
2015.03.18 21:06:45.701,1.92838,1.92969,1.00,1.00
2015.03.18 21:06:46.092,1.92841,1.92972,1.00,1.00
2015.03.18 21:06:46.537,1.92837,1.92968,1.00,1.00
2015.03.18 21:06:47.257,1.92838,1.92967,1.00,1.00
2015.03.18 21:06:48.263,1.92838,1.92968,1.00,1.00
2015.03.18 21:06:48.846,1.92839,1.92967,1.00,1.00
2015.03.18 21:06:50.593,1.92838,1.92968,1.00,1.00
2015.03.18 21:06:50.680,1.92841,1.92972,1.00,1.00
2015.03.18 21:06:50.781,1.92839,1.92968,1.00,1.00
2015.03.18 21:06:51.183,1.92843,1.92974,1.00,1.00
2015.03.18 21:06:51.752,1.92844,1.92973,1.00,1.00
2015.03.18 21:06:52.347,1.92843,1.92974,1.00,1.00
2015.03.18 21:06:52.448,1.92847,1.92978,1.00,1.00
2015.03.18 21:06:53.017,1.92848,1.92977,1.00,1.00
2015.03.18 21:06:53.626,1.9283,1.92956,1.20,1.00
2015.03.18 21:06:53.732,1.9283,1.92958,1.20,1.00
2015.03.18 21:06:54.231,1.9283,1.92993,1.20,1.05
2015.03.18 21:06:54.333,1.9283,1.92954,1.20,1.00
2015.03.18 21:06:55.328,1.9283,1.92953,1.20,1.00
2015.03.18 21:06:55.544,1.92838,1.92968,1.00,1.00
2015.03.18 21:06:56.268,1.92839,1.92967,1.00,1.00
2015.03.18 21:06:56.652,1.92845,1.92976,1.00,1.00
2015.03.18 21:06:56.754,1.92844,1.92972,1.00,1.00
2015.03.18 21:06:56.956,1.92844,1.92974,1.00,1.00
2015.03.18 21:06:57.057,1.92844,1.92972,1.00,1.00
2015.03.18 21:06:57.460,1.92844,1.92974,1.00,1.00
2015.03.18 21:06:57.966,1.92843,1.92975,1.00,1.00
2015.03.18 21:06:58.628,1.92844,1.92974,1.00,1.00
2015.03.18 21:06:59.176,1.92844,1.92975,1.00,1.00
2015.03.18 21:06:59.379,1.92848,1.92977,1.00,1.00
2015.03.18 21:06:59.682,1.92844,1.92975,1.00,1.00
2015.03.18 21:07:00.278,1.92845,1.92974,1.00,1.00
2015.03.18 21:07:00.388,1.92842,1.92973,1.00,1.00
2015.03.18 21:07:00.490,1.92841,1.9297,1.00,1.00
2015.03.18 21:07:00.691,1.92843,1.92974,1.00,1.00
2015.03.18 21:07:01.501,1.92844,1.92973,1.00,1.00
2015.03.18 21:07:02.412,1.92843,1.92974,1.00,1.00
2015.03.18 21:07:02.513,1.92849,1.9298,1.00,1.00
2015.03.18 21:07:02.834,1.9285,1.92977,1.00,1.00
2015.03.18 21:07:03.417,1.92849,1.92978,1.00,1.00
2015.03.18 21:07:03.893,1.92852,1.92981,1.00,1.00
2015.03.18 21:07:05.014,1.92849,1.92978,1.00,1.00
2015.03.18 21:07:05.165,1.92852,1.92983,1.00,1.00
2015.03.18 21:07:05.451,1.92851,1.9298,1.00,1.00
2015.03.18 21:07:05.944,1.92853,1.92982,1.00,1.00
2015.03.18 21:07:06.596,1.9285,1.9298,1.00,1.00
2015.03.18 21:07:07.101,1.92851,1.92979,1.00,1.00
2015.03.18 21:07:07.610,1.9285,1.9298,1.00,1.00
2015.03.18 21:07:07.660,1.92853,1.92981,1.00,1.00
2015.03.18 21:07:08.192,1.92847,1.92976,1.00,1.00
2015.03.18 21:07:08.726,1.92846,1.92977,1.00,1.00
2015.03.18 21:07:09.818,1.92847,1.92976,1.00,1.00
2015.03.18 21:07:10.092,1.92847,1.92978,1.00,1.00
2015.03.18 21:07:10.487,1.92845,1.92974,1.00,1.00
2015.03.18 21:07:11.107,1.92844,1.92973,1.00,1.00
2015.03.18 21:07:11.757,1.92845,1.92972,1.00,1.00
2015.03.18 21:07:12.225,1.92845,1.92975,1.00,1.00
2015.03.18 21:07:12.749,1.92845,1.92976,1.00,1.00
2015.03.18 21:07:13.135,1.9285,1.92979,1.00,1.00
2015.03.18 21:07:13.496,1.92845,1.92974,1.00,1.00
2015.03.18 21:07:14.074,1.92831,1.92992,1.20,1.52
2015.03.18 21:07:14.258,1.92836,1.92964,1.20,1.00
2015.03.18 21:07:15.120,1.92831,1.92992,1.20,1.52
2015.03.18 21:07:15.438,1.92837,1.92966,1.00,1.00
2015.03.18 21:07:15.983,1.92834,1.92965,1.15,1.00
2015.03.18 21:07:16.185,1.92831,1.92994,1.20,2.32
2015.03.18 21:07:16.239,1.92833,1.92964,1.15,1.00
2015.03.18 21:07:17.149,1.92834,1.92963,1.15,1.00
2015.03.18 21:07:17.301,1.92839,1.92968,1.00,1.00
2015.03.18 21:07:17.352,1.92833,1.92963,1.15,1.00
2015.03.18 21:07:17.657,1.92831,1.92959,1.20,1.00
2015.03.18 21:07:17.958,1.92831,1.9299,1.20,1.52
2015.03.18 21:07:18.517,1.92831,1.9299,1.20,1.52
2015.03.18 21:07:19.431,1.92831,1.92957,1.20,1.00
2015.03.18 21:07:19.981,1.92831,1.92958,1.20,1.00
2015.03.18 21:07:20.132,1.92835,1.92966,1.15,1.00
2015.03.18 21:07:20.185,1.92831,1.92962,1.95,1.00
2015.03.18 21:07:20.699,1.92832,1.92961,1.15,1.00
2015.03.18 21:07:21.495,1.92831,1.92962,1.95,1.00
2015.03.18 21:07:22.050,1.92832,1.92961,1.15,1.00
2015.03.18 21:07:22.355,1.92831,1.92957,1.20,1.00
2015.03.18 21:07:22.506,1.92829,1.92956,1.00,1.00
2015.03.18 21:07:23.110,1.92832,1.92963,1.00,1.00
2015.03.18 21:07:24.141,1.92829,1.9296,1.00,1.00
2015.03.18 21:07:25.027,1.9283,1.92959,1.00,1.00
2015.03.18 21:07:25.383,1.92827,1.92956,1.00,1.00
2015.03.18 21:07:25.938,1.92826,1.92957,1.00,1.00
2015.03.18 21:07:26.449,1.92826,1.92956,1.00,1.00
2015.03.18 21:07:26.952,1.92827,1.92957,1.00,1.00
2015.03.18 21:07:27.003,1.92819,1.92982,1.05,1.05
2015.03.18 21:07:27.104,1.92818,1.92982,1.20,1.05
2015.03.18 21:07:27.155,1.92818,1.92983,1.20,1.20
2015.03.18 21:07:27.969,1.92832,1.92963,1.00,1.00
2015.03.18 21:07:28.717,1.92833,1.92962,1.00,1.00
2015.03.18 21:07:29.108,1.9283,1.92961,1.00,1.00
2015.03.18 21:07:29.709,1.92831,1.9296,1.00,1.00
2015.03.18 21:07:30.092,1.92833,1.9296,1.00,1.00
2015.03.18 21:07:30.700,1.92832,1.92961,1.00,1.00
2015.03.18 21:07:31.231,1.92832,1.92962,1.00,1.00
2015.03.18 21:07:31.895,1.92833,1.92961,1.00,1.00
2015.03.18 21:07:32.807,1.92832,1.92962,1.00,1.00
2015.03.18 21:07:33.690,1.92833,1.92961,1.00,1.00
2015.03.18 21:07:34.001,1.92881,1.92962,2.32,0.75
2015.03.18 21:07:34.051,1.92905,1.93034,1.00,1.00
2015.03.18 21:07:34.102,1.92905,1.93034,1.37,1.00
2015.03.18 21:07:34.153,1.9291,1.93039,1.37,1.20
2015.03.18 21:07:34.554,1.92919,1.93044,1.00,1.20
2015.03.18 21:07:34.654,1.92882,1.93044,1.52,1.20
2015.03.18 21:07:34.928,1.92929,1.93044,1.00,1.20
2015.03.18 21:07:35.507,1.92928,1.93044,1.00,1.20
2015.03.18 21:07:35.913,1.92931,1.93044,1.00,1.20
2015.03.18 21:07:36.418,1.9293,1.93044,1.00,1.20
2015.03.18 21:07:37.486,1.92931,1.93044,1.00,1.20
2015.03.18 21:07:38.489,1.9293,1.93044,1.00,1.20
2015.03.18 21:07:39.008,1.92931,1.93044,1.00,1.20
2015.03.18 21:07:39.514,1.9293,1.93044,1.00,1.20
2015.03.18 21:07:39.817,1.92887,1.93018,1.37,1.00
2015.03.18 21:07:39.918,1.92888,1.93012,1.00,1.00
2015.03.18 21:07:40.018,1.92878,1.93007,1.00,1.00
2015.03.18 21:07:40.120,1.92855,1.93012,1.05,1.00
2015.03.18 21:07:40.221,1.92865,1.92994,1.00,1.00
2015.03.18 21:07:40.322,1.92855,1.93019,1.05,1.20
2015.03.18 21:07:40.971,1.92861,1.93019,1.69,1.20
2015.03.18 21:07:41.429,1.92869,1.93,1.37,1.00
2015.03.18 21:07:41.953,1.9287,1.92999,1.37,1.00
2015.03.18 21:07:42.257,1.92866,1.92997,1.37,1.00
2015.03.18 21:07:43.038,1.92869,1.92996,1.37,1.00
2015.03.18 21:07:43.326,1.92861,1.93019,2.07,1.20
2015.03.18 21:07:43.427,1.92864,1.92995,1.37,1.00
2015.03.18 21:07:43.630,1.92867,1.92994,1.00,1.00
2015.03.18 21:07:43.695,1.92865,1.92994,1.37,1.00
2015.03.18 21:07:44.139,1.92868,1.92996,1.37,1.00
2015.03.18 21:07:44.602,1.92868,1.92996,1.00,1.00
2015.03.18 21:07:44.703,1.92866,1.92996,1.37,1.00
2015.03.18 21:07:45.243,1.92863,1.92992,1.37,1.00
2015.03.18 21:07:45.346,1.92865,1.92994,1.37,1.00
2015.03.18 21:07:45.868,1.92864,1.92995,1.37,1.00
2015.03.18 21:07:45.969,1.92874,1.93002,1.00,1.00
2015.03.18 21:07:46.171,1.92876,1.93007,1.00,1.00
2015.03.18 21:07:46.221,1.92876,1.93007,1.95,1.00
2015.03.18 21:07:46.373,1.9288,1.93011,1.15,1.00
2015.03.18 21:07:47.266,1.92884,1.93013,1.00,1.00
2015.03.18 21:07:48.209,1.92881,1.9301,1.17,1.00
2015.03.18 21:07:48.260,1.92876,1.93041,1.20,1.20
2015.03.18 21:07:48.380,1.92887,1.93015,1.00,1.00
2015.03.18 21:07:48.610,1.92883,1.93014,1.00,1.00
2015.03.18 21:07:48.711,1.92882,1.93011,1.10,1.00
2015.03.18 21:07:48.913,1.92876,1.93041,1.20,1.20
2015.03.18 21:07:49.014,1.92876,1.92989,1.20,1.00
2015.03.18 21:07:49.115,1.92876,1.93039,1.20,1.15
2015.03.18 21:07:50.048,1.92876,1.92999,1.20,1.00
2015.03.18 21:07:50.829,1.92876,1.92998,1.20,1.00
2015.03.18 21:07:50.933,1.92876,1.93001,1.20,1.00
2015.03.18 21:07:51.316,1.92877,1.93008,1.42,1.00
2015.03.18 21:07:51.833,1.92878,1.93007,1.15,1.00
2015.03.18 21:07:53.011,1.92879,1.93008,1.15,1.00
2015.03.18 21:07:53.067,1.92876,1.93006,1.20,1.00
2015.03.18 21:07:53.460,1.92886,1.93015,1.00,1.00
2015.03.18 21:07:54.049,1.92885,1.93016,1.00,1.00
2015.03.18 21:07:54.491,1.92888,1.93019,1.00,1.00
2015.03.18 21:07:55.039,1.92889,1.93018,1.00,1.00
2015.03.18 21:07:55.294,1.92883,1.93014,1.00,1.00
2015.03.18 21:07:55.850,1.92884,1.93013,1.00,1.00
2015.03.18 21:07:56.361,1.92883,1.93014,1.00,1.00
2015.03.18 21:07:56.563,1.92889,1.9302,1.00,1.00
2015.03.18 21:07:56.865,1.92895,1.93024,1.00,1.00
2015.03.18 21:07:57.173,1.92898,1.93029,1.00,1.00
2015.03.18 21:07:57.447,1.92876,1.93041,1.20,1.20
2015.03.18 21:07:58.555,1.92899,1.93028,1.00,1.00
2015.03.18 21:07:59.775,1.92896,1.93025,1.00,1.00
2015.03.18 21:07:59.854,1.92893,1.93024,1.00,1.00
2015.03.18 21:08:00.580,1.92894,1.93023,1.00,1.00
2015.03.18 21:08:00.681,1.92894,1.93021,1.00,1.00
2015.03.18 21:08:00.789,1.92888,1.93018,1.00,1.00
2015.03.18 21:08:01.469,1.92889,1.93017,1.00,1.00
2015.03.18 21:08:01.723,1.92892,1.93021,1.00,1.00
2015.03.18 21:08:02.724,1.92876,1.93041,1.87,1.20
2015.03.18 21:08:02.932,1.92886,1.93015,1.00,1.00
2015.03.18 21:08:03.245,1.92882,1.93013,1.10,1.00
2015.03.18 21:08:03.547,1.92884,1.93016,1.00,1.00
2015.03.18 21:08:03.749,1.92889,1.93018,1.00,1.00
2015.03.18 21:08:04.168,1.92886,1.93015,1.00,1.00
2015.03.18 21:08:04.768,1.92889,1.9302,1.00,1.00
2015.03.18 21:08:05.171,1.929,1.93028,1.00,1.00
2015.03.18 21:08:05.272,1.92893,1.93024,1.00,1.00
2015.03.18 21:08:05.428,1.9289,1.93021,1.00,1.00
2015.03.18 21:08:05.832,1.92888,1.93017,1.00,1.00
2015.03.18 21:08:06.357,1.92888,1.93017,1.95,1.00
2015.03.18 21:08:06.458,1.92896,1.93025,1.00,1.00
2015.03.18 21:08:06.577,1.92888,1.93018,1.20,1.00
2015.03.18 21:08:07.633,1.9289,1.93019,1.42,1.00
2015.03.18 21:08:07.684,1.9289,1.93021,1.42,1.00
2015.03.18 21:08:08.161,1.92895,1.93024,1.10,1.00
2015.03.18 21:08:08.488,1.92888,1.93053,1.20,1.20
2015.03.18 21:08:08.692,1.92904,1.93032,1.00,1.00
2015.03.18 21:08:09.198,1.92899,1.93028,1.00,1.00
2015.03.18 21:08:09.689,1.92901,1.93031,1.00,1.00
2015.03.18 21:08:09.790,1.92908,1.93037,1.00,1.00
2015.03.18 21:08:09.891,1.92888,1.93053,1.20,1.20
2015.03.18 21:08:10.348,1.92896,1.93027,1.00,1.00
2015.03.18 21:08:10.449,1.92888,1.93053,1.20,1.20
2015.03.18 21:08:10.651,1.92891,1.93022,1.15,1.00
2015.03.18 21:08:10.809,1.92896,1.93024,1.00,1.00
2015.03.18 21:08:11.214,1.92896,1.93026,1.00,1.00
2015.03.18 21:08:11.807,1.92895,1.93027,1.10,1.00
2015.03.18 21:08:12.467,1.92896,1.93026,1.00,1.00
2015.03.18 21:08:12.940,1.92898,1.93026,1.00,1.00
2015.03.18 21:08:13.379,1.92901,1.93029,1.00,1.00
2015.03.18 21:08:13.480,1.92895,1.93026,1.10,1.00
2015.03.18 21:08:13.581,1.92888,1.93053,1.20,1.20
2015.03.18 21:08:14.185,1.929,1.93029,1.00,1.00
2015.03.18 21:08:14.286,1.92888,1.93053,1.20,1.20
2015.03.18 21:08:14.386,1.92902,1.93033,1.00,1.00
2015.03.18 21:08:14.688,1.92907,1.93035,1.00,1.00
2015.03.18 21:08:15.270,1.92903,1.93032,1.00,1.00
2015.03.18 21:08:15.421,1.92905,1.93036,1.00,1.00
2015.03.18 21:08:15.522,1.92908,1.93037,1.00,1.00
2015.03.18 21:08:15.623,1.92903,1.93033,1.00,1.00
2015.03.18 21:08:15.724,1.92901,1.93033,1.00,1.00
2015.03.18 21:08:16.218,1.92888,1.93053,1.20,1.20
2015.03.18 21:08:16.528,1.92914,1.93045,1.00,1.00
2015.03.18 21:08:17.290,1.92888,1.93051,1.20,1.05
2015.03.18 21:08:17.503,1.92917,1.93046,1.00,1.10
2015.03.18 21:08:17.826,1.9291,1.9304,1.00,1.00
2015.03.18 21:08:18.113,1.92907,1.93038,1.00,1.00
2015.03.18 21:08:18.214,1.92904,1.93032,1.00,1.00
2015.03.18 21:08:18.923,1.92901,1.93031,1.00,1.00
2015.03.18 21:08:19.024,1.92899,1.93028,1.00,1.00
2015.03.18 21:08:19.175,1.92905,1.93036,1.00,1.00
2015.03.18 21:08:19.277,1.92893,1.93024,1.17,1.00
2015.03.18 21:08:19.548,1.9289,1.93053,1.05,1.20
2015.03.18 21:08:19.988,1.92903,1.93033,1.00,1.00
2015.03.18 21:08:22.230,1.92904,1.93032,1.00,1.00
2015.03.18 21:08:23.224,1.92911,1.93042,1.00,1.00
2015.03.18 21:08:23.733,1.92912,1.93041,1.00,1.00
2015.03.18 21:08:24.392,1.9291,1.93039,1.00,1.00
2015.03.18 21:08:24.494,1.9289,1.93053,1.35,1.20
2015.03.18 21:08:26.163,1.9289,1.93053,1.05,1.20
2015.03.18 21:08:26.314,1.9291,1.93039,1.00,1.00
2015.03.18 21:08:26.787,1.9291,1.93039,1.42,1.00
2015.03.18 21:08:27.327,1.92914,1.93043,1.17,1.00
2015.03.18 21:08:27.838,1.92913,1.93044,1.15,1.00
2015.03.18 21:08:28.372,1.92914,1.93043,1.17,1.00
2015.03.18 21:08:28.543,1.9291,1.93039,1.42,1.00
2015.03.18 21:08:28.950,1.92914,1.93043,1.17,1.00
2015.03.18 21:08:30.247,1.92913,1.93044,1.15,1.00
2015.03.18 21:08:30.348,1.92909,1.93037,1.20,1.00
2015.03.18 21:08:31.869,1.92909,1.93038,1.20,1.00
2015.03.18 21:08:32.402,1.92909,1.93037,1.20,1.00
2015.03.18 21:08:33.197,1.92909,1.93038,1.20,1.00
2015.03.18 21:08:33.521,1.92909,1.9303,1.20,1.00
2015.03.18 21:08:34.024,1.92909,1.93031,1.20,1.00
2015.03.18 21:08:34.430,1.92909,1.93026,1.20,1.00
2015.03.18 21:08:34.836,1.92909,1.93028,1.20,1.00
2015.03.18 21:08:34.937,1.92909,1.93025,1.20,1.00
2015.03.18 21:08:35.501,1.92909,1.93024,1.20,1.00
2015.03.18 21:08:36.719,1.92909,1.93029,1.20,1.00
2015.03.18 21:08:36.907,1.92909,1.93026,1.20,1.00
2015.03.18 21:08:37.241,1.92909,1.93032,1.20,1.00
2015.03.18 21:08:37.918,1.92909,1.93033,1.20,1.00
2015.03.18 21:08:38.704,1.92909,1.93034,1.20,1.00
2015.03.18 21:08:39.129,1.92909,1.93037,1.20,1.00
2015.03.18 21:08:39.682,1.92909,1.93038,1.20,1.00
2015.03.18 21:08:40.139,1.92909,1.93032,1.20,1.00
2015.03.18 21:08:41.154,1.92909,1.93034,1.20,1.00
2015.03.18 21:08:41.599,1.92909,1.93029,1.20,1.00
2015.03.18 21:08:42.460,1.92909,1.93037,1.20,1.00
2015.03.18 21:08:43.063,1.92909,1.93038,1.20,1.00
2015.03.18 21:08:44.996,1.92909,1.93037,1.20,1.00
2015.03.18 21:08:45.097,1.92912,1.9304,1.15,1.00
2015.03.18 21:08:45.383,1.92909,1.93038,1.20,1.00
2015.03.18 21:08:46.293,1.92896,1.93025,1.60,1.00
2015.03.18 21:08:46.344,1.92893,1.93024,1.00,1.00
2015.03.18 21:08:46.445,1.92885,1.93014,1.12,1.00
2015.03.18 21:08:46.884,1.92882,1.93013,1.57,1.00
2015.03.18 21:08:46.936,1.92889,1.93018,1.00,1.00
2015.03.18 21:08:47.037,1.9289,1.93021,1.37,1.00
2015.03.18 21:08:47.138,1.92894,1.93023,1.37,1.00
2015.03.18 21:08:47.188,1.92894,1.93023,1.97,1.00
2015.03.18 21:08:47.409,1.92899,1.93026,1.20,1.00
2015.03.18 21:08:47.814,1.92899,1.93061,1.20,1.05
2015.03.18 21:08:48.352,1.92899,1.93024,1.20,1.00
2015.03.18 21:08:48.926,1.92899,1.93021,1.20,1.00
2015.03.18 21:08:49.240,1.92899,1.93013,1.20,1.00
2015.03.18 21:08:49.341,1.92885,1.93013,1.68,1.00
2015.03.18 21:08:49.616,1.92882,1.93013,1.47,1.00
2015.03.18 21:08:51.259,1.92892,1.93021,1.00,1.00
2015.03.18 21:08:51.474,1.92889,1.9302,1.12,1.00
2015.03.18 21:08:51.576,1.92888,1.93017,1.37,1.00
2015.03.18 21:08:51.933,1.92887,1.93018,1.00,1.00
2015.03.18 21:08:51.984,1.92875,1.93033,1.20,1.47
2015.03.18 21:08:52.034,1.92878,1.93033,1.69,1.47
2015.03.18 21:08:52.436,1.92881,1.93012,1.57,1.00
2015.03.18 21:08:52.944,1.92881,1.93012,1.20,1.00
2015.03.18 21:08:53.045,1.92881,1.93012,1.57,1.00
2015.03.18 21:08:53.959,1.92882,1.93012,1.10,1.00
2015.03.18 21:08:54.053,1.92881,1.93012,1.45,1.00
2015.03.18 21:08:54.747,1.92883,1.93011,1.37,1.00
2015.03.18 21:08:55.374,1.9288,1.93012,1.55,1.00
2015.03.18 21:08:55.958,1.92881,1.93011,1.45,1.00
2015.03.18 21:08:56.526,1.9288,1.93011,1.55,1.00
2015.03.18 21:08:56.797,1.92877,1.93007,1.05,1.00
2015.03.18 21:08:56.998,1.92882,1.93008,1.47,1.00
2015.03.18 21:08:58.377,1.92882,1.93008,1.47,1.00
2015.03.18 21:08:59.509,1.92882,1.93008,2.25,1.00
2015.03.18 21:09:00.027,1.92883,1.93008,1.99,1.00
2015.03.18 21:09:01.138,1.92883,1.93012,1.99,1.00
2015.03.18 21:09:01.239,1.92883,1.93003,1.52,1.00
2015.03.18 21:09:01.813,1.92883,1.93004,1.52,1.00
2015.03.18 21:09:02.473,1.92882,1.93004,1.62,1.00
2015.03.18 21:09:03.183,1.92882,1.93006,1.62,1.00
2015.03.18 21:09:03.456,1.92882,1.93008,1.62,1.00
2015.03.18 21:09:04.253,1.92882,1.93007,1.62,1.00
2015.03.18 21:09:04.488,1.92882,1.93011,1.62,1.00
2015.03.18 21:09:05.629,1.92879,1.93011,1.52,1.00
2015.03.18 21:09:05.680,1.92878,1.93014,1.24,1.00
2015.03.18 21:09:06.297,1.92885,1.93016,1.37,1.00
2015.03.18 21:09:06.416,1.92884,1.93013,1.37,1.00
2015.03.18 21:09:07.103,1.92883,1.93014,1.37,1.00
2015.03.18 21:09:07.612,1.92884,1.93013,1.37,1.00
2015.03.18 21:09:08.229,1.92884,1.93013,1.37,1.00
2015.03.18 21:09:08.888,1.92883,1.93014,1.37,1.00
2015.03.18 21:09:09.228,1.92888,1.93018,1.37,1.50
2015.03.18 21:09:11.248,1.92889,1.93017,1.12,1.00
2015.03.18 21:09:11.859,1.92888,1.93018,1.37,1.50
2015.03.18 21:09:12.457,1.92889,1.93017,1.12,1.00
2015.03.18 21:09:13.457,1.92888,1.93018,1.37,1.50
2015.03.18 21:09:15.390,1.92889,1.93017,1.12,1.00
2015.03.18 21:09:15.946,1.92888,1.93018,1.37,1.00
2015.03.18 21:09:17.056,1.92889,1.93017,1.12,1.00
2015.03.18 21:09:17.308,1.92884,1.93015,1.37,1.00
2015.03.18 21:09:18.171,1.92873,1.93019,1.46,1.00
2015.03.18 21:09:19.892,1.92889,1.93018,1.12,1.00
2015.03.18 21:09:20.938,1.92888,1.93019,1.37,1.50
2015.03.18 21:09:21.304,1.92892,1.93019,1.00,1.00
2015.03.18 21:09:22.144,1.92891,1.93019,1.00,1.00
2015.03.18 21:09:22.935,1.92888,1.93016,1.37,1.00
2015.03.18 21:09:23.036,1.92886,1.93016,1.00,1.00
2015.03.18 21:09:23.137,1.92883,1.93012,1.12,1.00
2015.03.18 21:09:23.539,1.92877,1.93006,1.07,1.00
2015.03.18 21:09:24.093,1.9287,1.93001,1.75,1.00
2015.03.18 21:09:24.393,1.92871,1.93,1.00,1.00
2015.03.18 21:09:24.937,1.92871,1.93001,1.00,1.00
2015.03.18 21:09:25.241,1.92868,1.92999,1.00,1.00
2015.03.18 21:09:25.494,1.9287,1.93001,1.00,1.00
2015.03.18 21:09:26.124,1.9287,1.93001,1.78,1.00
2015.03.18 21:09:26.175,1.92883,1.93013,1.00,1.20
2015.03.18 21:09:26.658,1.92883,1.93014,1.00,1.00
2015.03.18 21:09:26.759,1.92883,1.93014,1.37,1.00
2015.03.18 21:09:27.065,1.92904,1.93033,1.00,1.20
2015.03.18 21:09:27.166,1.92912,1.93043,1.00,1.00
2015.03.18 21:09:27.267,1.92914,1.93045,1.00,1.00
2015.03.18 21:09:29.544,1.92907,1.93038,1.00,1.00
2015.03.18 21:09:30.239,1.92908,1.93037,1.00,1.00
2015.03.18 21:09:31.138,1.92909,1.9304,1.00,1.00
2015.03.18 21:09:31.239,1.92909,1.9304,1.60,1.00
2015.03.18 21:09:31.451,1.92918,1.93043,1.20,1.00
2015.03.18 21:09:31.552,1.92918,1.9304,1.20,1.00
2015.03.18 21:09:32.059,1.92918,1.93041,1.20,1.00
2015.03.18 21:09:33.224,1.92918,1.93043,1.20,1.00
2015.03.18 21:09:34.383,1.92918,1.9304,1.20,1.00
2015.03.18 21:09:37.258,1.92918,1.93039,1.20,1.00
2015.03.18 21:09:37.359,1.92918,1.93043,1.20,1.00
2015.03.18 21:09:38.669,1.92918,1.93041,1.20,1.00
2015.03.18 21:09:39.325,1.92918,1.93045,1.20,1.00
2015.03.18 21:09:39.827,1.92918,1.93046,1.20,1.00
2015.03.18 21:09:40.888,1.92918,1.93045,1.20,1.00
2015.03.18 21:09:40.989,1.92918,1.93043,1.20,1.00
2015.03.18 21:09:41.190,1.92918,1.93049,1.95,1.00
2015.03.18 21:09:41.593,1.92918,1.93044,1.20,1.00
2015.03.18 21:09:43.205,1.92918,1.93038,1.20,1.00
2015.03.18 21:09:44.028,1.92918,1.93046,1.20,1.00
2015.03.18 21:09:44.315,1.92918,1.93042,1.20,1.00
2015.03.18 21:09:44.833,1.92918,1.93049,1.95,1.00
2015.03.18 21:09:44.934,1.92918,1.93042,1.20,1.00
2015.03.18 21:09:45.827,1.92918,1.93041,1.20,1.00
2015.03.18 21:09:46.025,1.92919,1.93049,1.42,1.00
2015.03.18 21:09:46.663,1.9292,1.93048,1.15,1.00
2015.03.18 21:09:47.247,1.92918,1.93044,1.20,1.00
2015.03.18 21:09:48.894,1.92918,1.93075,1.20,1.00
2015.03.18 21:09:49.172,1.92936,1.93065,1.00,1.00
2015.03.18 21:09:49.477,1.92933,1.93062,1.00,1.00
2015.03.18 21:09:49.884,1.92929,1.9306,1.00,1.00
2015.03.18 21:09:50.442,1.9293,1.93059,1.00,1.00
2015.03.18 21:09:50.695,1.92933,1.93062,1.00,1.00
2015.03.18 21:09:51.244,1.92932,1.93063,1.00,1.00
2015.03.18 21:09:51.555,1.92936,1.93063,1.20,1.00
2015.03.18 21:09:51.859,1.92936,1.93061,1.20,1.00
2015.03.18 21:09:51.910,1.92941,1.9307,1.17,1.00
2015.03.18 21:09:52.975,1.92945,1.93076,1.00,1.00
2015.03.18 21:09:53.078,1.92942,1.93071,1.10,1.00
2015.03.18 21:09:53.582,1.92941,1.93072,1.17,1.00
2015.03.18 21:09:54.095,1.92942,1.93071,1.10,1.00
2015.03.18 21:09:54.892,1.9294,1.93069,1.15,1.00
2015.03.18 21:09:56.531,1.92939,1.9307,1.15,1.00
2015.03.18 21:09:57.214,1.92936,1.93066,1.20,1.00
2015.03.18 21:09:58.503,1.92936,1.93065,1.95,1.00
2015.03.18 21:09:58.834,1.92936,1.93059,1.20,1.00
2015.03.18 21:10:00.042,1.92936,1.93058,1.20,1.00
2015.03.18 21:10:00.392,1.92936,1.93056,1.20,1.00
2015.03.18 21:10:00.443,1.92936,1.93058,1.20,1.00
2015.03.18 21:10:00.493,1.92936,1.93043,1.20,1.00
2015.03.18 21:10:00.594,1.92936,1.9306,1.20,1.00
2015.03.18 21:10:00.796,1.92936,1.93078,1.20,1.00
2015.03.18 21:10:01.316,1.92936,1.93079,1.20,1.12
2015.03.18 21:10:01.427,1.92936,1.93079,1.20,1.37
2015.03.18 21:10:01.804,1.92936,1.9305,1.20,1.00
2015.03.18 21:10:02.006,1.92936,1.93052,1.20,1.00
2015.03.18 21:10:02.218,1.92936,1.93049,1.20,1.00
2015.03.18 21:10:03.422,1.92936,1.9305,1.20,1.00
2015.03.18 21:10:03.474,1.92936,1.93054,1.20,1.00
2015.03.18 21:10:04.042,1.92935,1.93054,1.20,1.00
2015.03.18 21:10:04.143,1.92935,1.93057,1.20,1.00
2015.03.18 21:10:04.949,1.92935,1.93052,1.20,1.00
2015.03.18 21:10:05.251,1.92935,1.93043,1.20,1.00
2015.03.18 21:10:05.615,1.92935,1.93048,1.20,1.00
2015.03.18 21:10:06.026,1.92935,1.93056,1.20,1.00
2015.03.18 21:10:06.127,1.92935,1.9304,1.20,1.00
2015.03.18 21:10:06.751,1.92935,1.93044,1.20,1.00
2015.03.18 21:10:07.767,1.92935,1.9304,1.20,1.00
2015.03.18 21:10:08.072,1.92935,1.93036,1.20,1.00
2015.03.18 21:10:08.706,1.92935,1.93035,1.20,1.00
2015.03.18 21:10:08.995,1.92935,1.93046,1.20,1.00
2015.03.18 21:10:09.097,1.92935,1.93031,1.20,1.00
2015.03.18 21:10:09.904,1.92935,1.93032,1.20,1.00
2015.03.18 21:10:10.005,1.92935,1.93037,1.20,1.00
2015.03.18 21:10:10.610,1.92935,1.9304,1.20,1.00
2015.03.18 21:10:10.711,1.92935,1.93036,1.20,1.00
2015.03.18 21:10:11.125,1.92935,1.93047,1.20,1.00
2015.03.18 21:10:11.226,1.92914,1.93039,1.20,1.00
2015.03.18 21:10:12.090,1.92914,1.93036,1.20,1.00
2015.03.18 21:10:13.959,1.92914,1.93074,1.20,1.15
2015.03.18 21:10:14.468,1.92913,1.93074,1.20,1.15
2015.03.18 21:10:16.457,1.92913,1.93043,1.20,1.00
2015.03.18 21:10:17.079,1.92913,1.93038,1.20,1.00
2015.03.18 21:10:19.580,1.92913,1.93039,1.20,1.00
2015.03.18 21:10:20.101,1.92913,1.93038,1.20,1.00
2015.03.18 21:10:21.396,1.92913,1.93042,1.20,1.00
2015.03.18 21:10:22.082,1.92913,1.93041,1.20,1.00
2015.03.18 21:10:22.726,1.92915,1.93044,1.42,1.00
2015.03.18 21:10:23.335,1.92913,1.93041,1.20,1.00
2015.03.18 21:10:24.063,1.92913,1.93042,1.20,1.00
2015.03.18 21:10:24.228,1.92913,1.93044,1.95,1.00
2015.03.18 21:10:24.319,1.92913,1.9304,1.20,1.00
2015.03.18 21:10:25.143,1.92913,1.93032,1.20,1.00
2015.03.18 21:10:25.546,1.92913,1.9303,1.20,1.00
2015.03.18 21:10:26.044,1.92913,1.93026,1.20,1.00
2015.03.18 21:10:28.496,1.92913,1.93025,1.20,1.00
2015.03.18 21:10:29.211,1.92913,1.93038,1.20,1.00
2015.03.18 21:10:29.506,1.92913,1.93043,1.20,1.00
2015.03.18 21:10:30.115,1.92913,1.93037,1.20,1.00
2015.03.18 21:10:31.225,1.92913,1.93036,1.20,1.00
2015.03.18 21:10:31.714,1.9292,1.93036,1.20,1.00
2015.03.18 21:10:32.558,1.9292,1.93035,1.20,1.00
2015.03.18 21:10:32.609,1.9292,1.93075,1.20,1.37
2015.03.18 21:10:33.158,1.9292,1.93075,1.20,1.37
2015.03.18 21:10:33.477,1.9292,1.93075,1.20,1.37
2015.03.18 21:10:34.476,1.9292,1.93075,1.20,1.12
2015.03.18 21:10:34.527,1.9292,1.93034,1.20,1.00
2015.03.18 21:10:34.829,1.9292,1.93037,1.20,1.00
2015.03.18 21:10:34.930,1.9292,1.93032,1.20,1.00
2015.03.18 21:10:35.433,1.9292,1.93033,1.20,1.00
2015.03.18 21:10:35.736,1.9292,1.93037,1.20,1.00
2015.03.18 21:10:35.837,1.9292,1.93032,1.20,1.00
2015.03.18 21:10:36.276,1.9292,1.93038,1.20,1.00
2015.03.18 21:10:36.777,1.9292,1.93037,1.20,1.00
2015.03.18 21:10:37.352,1.9292,1.93038,1.20,1.00
2015.03.18 21:10:38.409,1.9292,1.93033,1.20,1.00
2015.03.18 21:10:38.463,1.9292,1.93039,1.20,1.00
2015.03.18 21:10:38.714,1.9292,1.93042,1.20,1.00
2015.03.18 21:10:38.969,1.9292,1.93083,1.20,1.57
2015.03.18 21:10:39.070,1.9292,1.93045,1.20,1.00
2015.03.18 21:10:39.221,1.9292,1.93083,1.20,1.57
2015.03.18 21:10:39.376,1.9292,1.93042,1.20,1.00
2015.03.18 21:10:39.684,1.9292,1.93036,1.20,1.00
2015.03.18 21:10:39.784,1.9292,1.93043,1.20,1.00
2015.03.18 21:10:39.886,1.9292,1.93083,1.20,1.57
2015.03.18 21:10:40.216,1.9292,1.93067,1.20,1.00
2015.03.18 21:10:40.821,1.9292,1.93068,1.20,1.00
2015.03.18 21:10:41.356,1.9292,1.93067,1.20,1.00
2015.03.18 21:10:42.200,1.9292,1.93069,1.20,1.00
2015.03.18 21:10:42.351,1.92942,1.93072,1.20,1.00
2015.03.18 21:10:42.849,1.92942,1.93069,1.20,1.00
2015.03.18 21:10:43.225,1.92942,1.93067,1.20,1.00
2015.03.18 21:10:43.327,1.92942,1.93069,1.20,1.00
2015.03.18 21:10:43.428,1.92942,1.93065,1.20,1.00
2015.03.18 21:10:43.949,1.92942,1.93105,1.20,1.05
2015.03.18 21:10:44.487,1.92942,1.93105,1.20,1.05
2015.03.18 21:10:44.951,1.92942,1.93066,1.20,1.00
2015.03.18 21:10:45.145,1.92942,1.93077,1.20,1.00
2015.03.18 21:10:45.358,1.92942,1.93081,1.20,1.00
2015.03.18 21:10:45.459,1.92942,1.93105,1.20,1.05
2015.03.18 21:10:46.971,1.92942,1.93105,1.20,1.05
2015.03.18 21:10:47.233,1.92942,1.93105,1.20,1.05
2015.03.18 21:10:47.367,1.92942,1.93076,1.20,1.00
2015.03.18 21:10:48.401,1.92942,1.93082,1.20,1.00
2015.03.18 21:10:49.288,1.92942,1.93081,1.20,1.00
2015.03.18 21:10:49.405,1.92942,1.93079,1.20,1.00
2015.03.18 21:10:50.477,1.92942,1.93081,1.20,1.00
2015.03.18 21:10:50.578,1.92942,1.93085,1.20,1.00
2015.03.18 21:10:50.677,1.92942,1.9308,1.20,1.00
2015.03.18 21:10:51.286,1.92942,1.93081,1.20,1.00
2015.03.18 21:10:51.787,1.92942,1.93088,1.20,1.00
2015.03.18 21:10:51.939,1.92942,1.93082,1.20,1.00
2015.03.18 21:10:52.295,1.92942,1.93086,1.20,1.00
2015.03.18 21:10:52.800,1.92942,1.93089,1.20,1.00
2015.03.18 21:10:52.951,1.92942,1.93085,1.20,1.00
2015.03.18 21:10:53.708,1.92942,1.93086,1.20,1.00
2015.03.18 21:10:54.816,1.92942,1.93092,1.20,1.00
2015.03.18 21:10:54.917,1.92942,1.93088,1.20,1.00
2015.03.18 21:10:55.250,1.92942,1.93075,1.20,1.00
2015.03.18 21:10:56.518,1.92942,1.93071,1.20,1.00
2015.03.18 21:10:57.235,1.92942,1.93073,1.20,1.00
2015.03.18 21:10:57.338,1.92942,1.93069,1.20,1.00
2015.03.18 21:10:57.840,1.92942,1.9307,1.20,1.00
2015.03.18 21:10:59.152,1.92942,1.93069,1.20,1.00
2015.03.18 21:10:59.253,1.92942,1.93083,1.20,1.00
2015.03.18 21:10:59.354,1.92942,1.93079,1.20,1.00
2015.03.18 21:11:00.158,1.92942,1.93083,1.20,1.00
2015.03.18 21:11:01.256,1.92942,1.9308,1.20,1.00
2015.03.18 21:11:01.307,1.92942,1.93084,1.20,1.00
2015.03.18 21:11:02.377,1.92942,1.93081,1.20,1.00
2015.03.18 21:11:02.482,1.92937,1.93081,1.20,1.00
2015.03.18 21:11:02.583,1.92935,1.93081,1.20,1.00
2015.03.18 21:11:03.391,1.92935,1.93083,1.20,1.00
2015.03.18 21:11:05.096,1.92935,1.93086,1.20,1.00
2015.03.18 21:11:05.315,1.92935,1.93081,1.20,1.00
2015.03.18 21:11:05.399,1.92935,1.93086,1.20,1.00
2015.03.18 21:11:06.432,1.92935,1.93087,1.20,1.00
2015.03.18 21:11:06.737,1.92935,1.93089,1.20,1.00
2015.03.18 21:11:06.840,1.92935,1.93086,1.20,1.00
2015.03.18 21:11:07.150,1.92935,1.93081,1.20,1.00
2015.03.18 21:11:07.817,1.92935,1.93082,1.20,1.00
2015.03.18 21:11:08.162,1.92935,1.93084,1.20,1.00
2015.03.18 21:11:08.263,1.92935,1.9308,1.20,1.00
2015.03.18 21:11:08.972,1.92935,1.93081,1.20,1.00
2015.03.18 21:11:09.074,1.92935,1.93086,1.20,1.00
2015.03.18 21:11:09.288,1.92935,1.93069,1.20,1.00
2015.03.18 21:11:09.389,1.92935,1.93078,1.20,1.00
2015.03.18 21:11:10.723,1.92935,1.93079,1.20,1.00
2015.03.18 21:11:10.774,1.92935,1.93074,1.20,1.00
2015.03.18 21:11:11.206,1.92935,1.93076,1.20,1.00
2015.03.18 21:11:11.616,1.92935,1.93098,1.20,1.05
2015.03.18 21:11:11.923,1.92935,1.9308,1.20,1.00
2015.03.18 21:11:12.278,1.92935,1.93077,1.20,1.00
2015.03.18 21:11:12.851,1.92935,1.93078,1.20,1.00
2015.03.18 21:11:13.413,1.92935,1.93077,1.20,1.00
2015.03.18 21:11:13.994,1.92935,1.93075,1.20,1.00
2015.03.18 21:11:14.545,1.92935,1.93076,1.20,1.00
2015.03.18 21:11:15.600,1.92935,1.93079,1.20,1.00
2015.03.18 21:11:15.701,1.92935,1.93081,1.20,1.00
2015.03.18 21:11:16.208,1.92935,1.93082,1.20,1.00
2015.03.18 21:11:17.248,1.92935,1.93081,1.20,1.00
2015.03.18 21:11:17.422,1.92935,1.93078,1.20,1.00
2015.03.18 21:11:19.436,1.92935,1.93079,1.20,1.00
2015.03.18 21:11:20.552,1.92935,1.93078,1.20,1.00
2015.03.18 21:11:22.932,1.92934,1.93078,1.20,1.00
2015.03.18 21:11:23.211,1.92895,1.93045,1.05,1.00
2015.03.18 21:11:23.264,1.92895,1.93037,1.05,1.00
2015.03.18 21:11:23.467,1.92894,1.93041,1.50,1.00
2015.03.18 21:11:23.518,1.92917,1.93041,1.20,1.00
2015.03.18 21:11:23.570,1.92917,1.93056,1.20,1.37
2015.03.18 21:11:23.776,1.92917,1.9308,1.20,1.35
2015.03.18 21:11:25.071,1.92917,1.9307,1.20,1.00
2015.03.18 21:11:25.589,1.92917,1.93069,1.20,1.00
2015.03.18 21:11:26.925,1.92917,1.9307,1.20,1.00
2015.03.18 21:11:27.952,1.92917,1.93069,1.20,1.00
2015.03.18 21:11:28.324,1.92917,1.93067,1.20,1.00
2015.03.18 21:11:29.939,1.92917,1.93068,1.20,1.00
2015.03.18 21:11:30.456,1.92917,1.93067,1.20,1.00
2015.03.18 21:11:30.993,1.92917,1.93068,1.20,1.00
2015.03.18 21:11:32.085,1.92917,1.93064,1.20,1.00
2015.03.18 21:11:32.849,1.92917,1.93065,1.20,1.00
2015.03.18 21:11:33.104,1.92917,1.93069,1.20,1.00
2015.03.18 21:11:33.849,1.92917,1.93068,1.20,1.00
2015.03.18 21:11:34.121,1.92917,1.9307,1.20,1.00
2015.03.18 21:11:35.029,1.92917,1.93071,1.20,1.00
2015.03.18 21:11:35.132,1.92917,1.93066,1.20,1.00
2015.03.18 21:11:35.829,1.92917,1.93067,1.20,1.00
2015.03.18 21:11:36.209,1.92917,1.93069,1.20,1.00
2015.03.18 21:11:37.025,1.92917,1.93068,1.20,1.00
2015.03.18 21:11:37.590,1.92917,1.93069,1.20,1.00
2015.03.18 21:11:39.553,1.92917,1.93074,1.20,1.00
2015.03.18 21:11:39.654,1.92946,1.93072,1.05,1.00
2015.03.18 21:11:39.756,1.92951,1.93063,1.47,1.00
2015.03.18 21:11:40.334,1.92946,1.93063,1.42,1.00
2015.03.18 21:11:41.097,1.92946,1.93062,2.11,1.00
2015.03.18 21:11:41.253,1.92949,1.93072,2.07,1.00
2015.03.18 21:11:41.354,1.92951,1.93078,1.85,1.00
2015.03.18 21:11:41.871,1.92953,1.93074,1.75,1.00
2015.03.18 21:11:42.642,1.92953,1.93075,1.75,1.00
2015.03.18 21:11:43.188,1.92953,1.93074,1.75,1.00
2015.03.18 21:11:43.389,1.92953,1.93078,1.75,1.00
2015.03.18 21:11:44.409,1.92954,1.93083,1.75,1.00
2015.03.18 21:11:44.963,1.92961,1.93084,1.00,1.00
2015.03.18 21:11:45.671,1.92964,1.93084,1.00,1.00
2015.03.18 21:11:46.275,1.92965,1.93084,1.00,1.00
2015.03.18 21:11:46.583,1.9296,1.93084,1.00,1.00
2015.03.18 21:11:46.717,1.92963,1.93084,1.00,1.00
2015.03.18 21:11:47.408,1.92964,1.93093,1.00,1.00
2015.03.18 21:11:47.610,1.92968,1.93099,1.00,1.12
2015.03.18 21:11:47.711,1.92953,1.93083,1.00,1.00
2015.03.18 21:11:47.812,1.92945,1.93096,1.20,1.00
2015.03.18 21:11:48.004,1.92945,1.93093,1.20,1.00
2015.03.18 21:11:48.510,1.92945,1.93092,1.20,1.00
2015.03.18 21:11:48.850,1.92945,1.93088,1.20,1.00
2015.03.18 21:11:49.171,1.92945,1.93086,1.20,1.00
2015.03.18 21:11:49.676,1.92945,1.93085,1.20,1.00
2015.03.18 21:11:50.237,1.92945,1.93084,1.20,1.00
2015.03.18 21:11:50.946,1.92945,1.93085,1.20,1.00
2015.03.18 21:11:51.645,1.92945,1.93084,1.20,1.00
2015.03.18 21:11:52.155,1.92945,1.93083,1.20,1.00
2015.03.18 21:11:52.852,1.92945,1.93084,1.20,1.00
2015.03.18 21:11:54.075,1.92945,1.93083,1.20,1.00
2015.03.18 21:11:54.624,1.92945,1.93084,1.20,1.00
2015.03.18 21:11:55.390,1.92945,1.93083,1.20,1.00
2015.03.18 21:11:56.107,1.92945,1.93085,1.20,1.00
2015.03.18 21:11:56.615,1.92945,1.93075,1.20,1.00
2015.03.18 21:11:57.526,1.92945,1.93079,1.20,1.00
2015.03.18 21:11:58.871,1.92945,1.93081,1.20,1.00
2015.03.18 21:11:58.996,1.92945,1.93076,1.20,1.00
2015.03.18 21:11:59.414,1.92945,1.93079,1.20,1.00
2015.03.18 21:11:59.958,1.92945,1.9308,1.20,1.00
2015.03.18 21:12:00.465,1.92934,1.9308,1.20,1.00
2015.03.18 21:12:01.375,1.92934,1.93079,1.20,1.00
2015.03.18 21:12:01.627,1.92934,1.93081,1.20,1.00
2015.03.18 21:12:02.031,1.92934,1.93075,1.20,1.00
2015.03.18 21:12:02.335,1.92934,1.93073,1.20,1.00
2015.03.18 21:12:02.841,1.92934,1.93072,1.20,1.00
2015.03.18 21:12:04.156,1.92934,1.93073,1.20,1.00
2015.03.18 21:12:05.155,1.92934,1.93072,1.20,1.00
2015.03.18 21:12:05.256,1.92934,1.93076,1.20,1.00
2015.03.18 21:12:05.358,1.92934,1.93081,1.20,1.00
2015.03.18 21:12:05.659,1.92934,1.93078,1.20,1.00
2015.03.18 21:12:06.165,1.92934,1.93075,1.20,1.00
2015.03.18 21:12:06.265,1.92934,1.93083,1.20,1.00
2015.03.18 21:12:06.802,1.92934,1.93081,1.20,1.00
2015.03.18 21:12:07.479,1.92934,1.93083,1.20,1.00
2015.03.18 21:12:08.389,1.92934,1.93084,1.20,1.00
2015.03.18 21:12:09.398,1.92935,1.93082,1.05,1.00
2015.03.18 21:12:09.935,1.92934,1.93056,1.20,1.00
2015.03.18 21:12:10.647,1.92934,1.93057,1.20,1.00
2015.03.18 21:12:11.150,1.92934,1.93056,1.20,1.00
2015.03.18 21:12:12.234,1.92934,1.93057,1.20,1.00
2015.03.18 21:12:13.447,1.92934,1.93056,1.20,1.00
2015.03.18 21:12:14.268,1.92934,1.9306,1.20,1.00
2015.03.18 21:12:15.266,1.92934,1.93056,1.20,1.00
2015.03.18 21:12:15.818,1.92934,1.9305,1.20,1.00
2015.03.18 21:12:16.200,1.92934,1.93054,1.20,1.00
2015.03.18 21:12:16.909,1.92934,1.93055,1.20,1.00
2015.03.18 21:12:17.446,1.92934,1.93054,1.20,1.00
2015.03.18 21:12:18.179,1.92934,1.93055,1.20,1.00
2015.03.18 21:12:18.307,1.92934,1.93057,1.20,1.00
2015.03.18 21:12:18.610,1.92934,1.93075,1.20,1.00
2015.03.18 21:12:18.711,1.92934,1.93058,1.20,1.00
2015.03.18 21:12:19.500,1.92934,1.93057,1.20,1.00
2015.03.18 21:12:20.508,1.92934,1.93058,1.20,1.00
2015.03.18 21:12:21.096,1.92934,1.93054,1.20,1.00
2015.03.18 21:12:21.429,1.92934,1.9305,1.20,1.00
2015.03.18 21:12:21.702,1.92934,1.93055,1.20,1.00
2015.03.18 21:12:23.213,1.92934,1.93058,1.20,1.00
2015.03.18 21:12:23.716,1.92934,1.93057,1.20,1.00
2015.03.18 21:12:23.917,1.92934,1.93054,1.20,1.00
2015.03.18 21:12:24.324,1.92934,1.93052,1.20,1.00
2015.03.18 21:12:24.424,1.92934,1.93055,1.20,1.00
2015.03.18 21:12:25.154,1.92934,1.93048,1.20,1.00
2015.03.18 21:12:25.456,1.92934,1.93069,1.20,1.00
2015.03.18 21:12:25.537,1.92934,1.93048,1.20,1.00
2015.03.18 21:12:26.044,1.92934,1.93049,1.20,1.00
2015.03.18 21:12:26.352,1.92934,1.93096,1.20,1.05
2015.03.18 21:12:26.453,1.92934,1.93039,1.20,1.00
2015.03.18 21:12:26.656,1.92934,1.93043,1.20,1.00
2015.03.18 21:12:27.629,1.92934,1.93045,1.20,1.00
2015.03.18 21:12:27.970,1.92934,1.9304,1.20,1.00
2015.03.18 21:12:28.072,1.92934,1.93044,1.20,1.00
2015.03.18 21:12:28.425,1.92934,1.93064,1.20,1.00
2015.03.18 21:12:28.478,1.92934,1.93072,1.20,1.00
2015.03.18 21:12:31.403,1.92934,1.93071,1.20,1.00
2015.03.18 21:12:31.812,1.92934,1.93076,1.20,1.00
2015.03.18 21:12:32.320,1.92934,1.93075,1.20,1.00
2015.03.18 21:12:33.334,1.92934,1.93076,1.20,1.00
2015.03.18 21:12:35.719,1.92934,1.93075,1.20,1.00
2015.03.18 21:12:40.470,1.92934,1.93076,1.20,1.00
2015.03.18 21:12:41.927,1.92938,1.93076,1.20,1.00
2015.03.18 21:12:43.793,1.92938,1.93075,1.20,1.00
2015.03.18 21:12:44.434,1.92938,1.93076,1.20,1.00
2015.03.18 21:12:44.805,1.92938,1.93073,1.20,1.00
2015.03.18 21:12:46.013,1.92938,1.93074,1.20,1.00
2015.03.18 21:12:46.620,1.92938,1.93073,1.20,1.00
2015.03.18 21:12:47.643,1.92938,1.93071,1.20,1.00
2015.03.18 21:12:48.194,1.92938,1.93072,1.20,1.00
2015.03.18 21:12:48.776,1.92938,1.93073,1.20,1.00
2015.03.18 21:12:50.498,1.92938,1.93074,1.20,1.00
2015.03.18 21:12:51.488,1.92938,1.93049,1.20,1.00
2015.03.18 21:12:51.876,1.92938,1.93043,1.20,1.00
2015.03.18 21:12:51.927,1.92938,1.93047,1.20,1.00
2015.03.18 21:12:53.299,1.92938,1.93048,1.20,1.00
2015.03.18 21:12:53.400,1.92938,1.93044,1.20,1.00
2015.03.18 21:12:53.706,1.92938,1.93036,1.20,1.00
2015.03.18 21:12:53.808,1.92938,1.93042,1.20,1.00
2015.03.18 21:12:54.133,1.92938,1.93099,1.20,1.52
2015.03.18 21:12:54.513,1.92938,1.93049,1.20,1.00
2015.03.18 21:12:55.072,1.92938,1.9305,1.20,1.00
2015.03.18 21:12:56.443,1.92938,1.93049,1.20,1.00
2015.03.18 21:12:57.052,1.92938,1.9305,1.20,1.00
2015.03.18 21:12:57.386,1.92938,1.93047,1.20,1.00
2015.03.18 21:12:58.886,1.92938,1.93044,1.20,1.00
2015.03.18 21:13:00.461,1.92938,1.93049,1.20,1.00
2015.03.18 21:13:00.766,1.92938,1.93044,1.20,1.00
2015.03.18 21:13:01.168,1.92938,1.93041,1.20,1.00
2015.03.18 21:13:01.462,1.92934,1.9304,1.20,1.00
2015.03.18 21:13:01.723,1.92934,1.93043,1.20,1.00
2015.03.18 21:13:03.746,1.92934,1.93042,1.20,1.00
2015.03.18 21:13:04.311,1.92934,1.93043,1.20,1.00
2015.03.18 21:13:04.412,1.92934,1.9304,1.20,1.00
2015.03.18 21:13:04.965,1.92934,1.93039,1.20,1.00
2015.03.18 21:13:06.088,1.92934,1.93044,1.20,1.00
2015.03.18 21:13:06.139,1.92934,1.9304,1.20,1.00
2015.03.18 21:13:06.452,1.92934,1.93036,1.20,1.00
2015.03.18 21:13:07.049,1.92934,1.9304,1.20,1.00
2015.03.18 21:13:07.151,1.92934,1.93036,1.20,1.00
2015.03.18 21:13:08.063,1.92934,1.9304,1.20,1.00
2015.03.18 21:13:08.164,1.92934,1.93035,1.20,1.00
2015.03.18 21:13:08.683,1.92934,1.93034,1.20,1.00
2015.03.18 21:13:08.748,1.92934,1.93038,1.20,1.00
2015.03.18 21:13:09.063,1.92934,1.93043,1.20,1.00
2015.03.18 21:13:09.279,1.92934,1.9304,1.20,1.00
2015.03.18 21:13:09.673,1.92934,1.93038,1.20,1.00
2015.03.18 21:13:10.825,1.92934,1.93039,1.20,1.00
2015.03.18 21:13:12.017,1.92934,1.93038,1.20,1.00
2015.03.18 21:13:12.524,1.92934,1.93039,1.20,1.00
2015.03.18 21:13:12.839,1.92934,1.93035,1.20,1.00
2015.03.18 21:13:13.385,1.92934,1.93036,1.20,1.00
2015.03.18 21:13:13.436,1.92934,1.93038,1.20,1.00
2015.03.18 21:13:14.112,1.92934,1.93037,1.20,1.00
2015.03.18 21:13:14.786,1.92934,1.93038,1.20,1.00
2015.03.18 21:13:14.915,1.92934,1.93041,1.20,1.00
2015.03.18 21:13:15.007,1.92934,1.93039,1.20,1.00
2015.03.18 21:13:15.779,1.92934,1.93038,1.20,1.00
2015.03.18 21:13:16.317,1.92934,1.93039,1.20,1.00
2015.03.18 21:13:17.177,1.92934,1.9304,1.20,1.00
2015.03.18 21:13:18.313,1.92934,1.93041,1.20,1.00
2015.03.18 21:13:19.128,1.92934,1.9304,1.20,1.00
2015.03.18 21:13:20.403,1.92934,1.93039,1.20,1.00
2015.03.18 21:13:21.142,1.92934,1.9304,1.20,1.00
2015.03.18 21:13:21.477,1.92911,1.9304,1.05,1.00
2015.03.18 21:13:21.578,1.9291,1.93021,1.20,1.00
2015.03.18 21:13:21.909,1.9291,1.93011,1.20,1.00
2015.03.18 21:13:21.960,1.9291,1.93072,1.20,1.05
2015.03.18 21:13:22.516,1.9291,1.93072,1.20,1.05
2015.03.18 21:13:22.830,1.9291,1.93007,1.20,1.00
2015.03.18 21:13:23.002,1.9291,1.93026,1.20,1.00
2015.03.18 21:13:23.167,1.9291,1.93029,1.20,1.00
2015.03.18 21:13:23.410,1.9291,1.93033,1.20,1.00
2015.03.18 21:13:23.688,1.9291,1.93029,1.20,1.00
2015.03.18 21:13:25.257,1.9291,1.93032,1.20,1.00
2015.03.18 21:13:25.772,1.9291,1.93031,1.20,1.00
2015.03.18 21:13:30.678,1.9291,1.93033,1.20,1.00
2015.03.18 21:13:31.153,1.9291,1.93025,1.20,1.00
2015.03.18 21:13:31.286,1.9291,1.93073,1.20,1.20
2015.03.18 21:13:31.581,1.92911,1.9304,1.42,1.00
2015.03.18 21:13:32.813,1.9291,1.93039,1.20,1.00
2015.03.18 21:13:32.967,1.9291,1.93073,1.20,1.20
2015.03.18 21:13:34.824,1.92937,1.93093,1.20,1.05
2015.03.18 21:13:34.990,1.92937,1.93101,1.20,1.42
2015.03.18 21:13:35.504,1.92937,1.931,1.20,1.90
2015.03.18 21:13:35.699,1.92937,1.93043,1.20,1.00
2015.03.18 21:13:36.125,1.92914,1.93028,1.37,1.20
2015.03.18 21:13:36.226,1.9292,1.93009,1.00,1.00
2015.03.18 21:13:36.326,1.92872,1.93001,1.00,1.37
2015.03.18 21:13:36.377,1.92881,1.93001,1.00,1.37
2015.03.18 21:13:36.578,1.92891,1.93022,1.00,1.37
2015.03.18 21:13:36.730,1.92885,1.93014,1.00,1.37
2015.03.18 21:13:36.780,1.929,1.93014,1.37,1.00
2015.03.18 21:13:36.831,1.929,1.93052,1.37,1.57
2015.03.18 21:13:36.982,1.92902,1.93052,1.94,1.20
2015.03.18 21:13:37.233,1.92902,1.93022,1.94,1.00
2015.03.18 21:13:37.605,1.92902,1.93022,1.94,1.00
2015.03.18 21:13:37.930,1.92894,1.93016,1.86,1.00
2015.03.18 21:13:38.434,1.92894,1.93013,1.86,1.00
2015.03.18 21:13:38.738,1.92894,1.93016,1.86,1.00
2015.03.18 21:13:39.807,1.92899,1.93003,1.86,1.00
2015.03.18 21:13:39.925,1.92902,1.93003,1.90,1.00
2015.03.18 21:13:40.466,1.92902,1.93003,1.90,1.00
2015.03.18 21:13:40.968,1.92896,1.93003,1.85,1.00
2015.03.18 21:13:41.472,1.92896,1.93003,1.85,1.00
2015.03.18 21:13:41.524,1.92896,1.93003,1.85,1.00
2015.03.18 21:13:41.627,1.92903,1.9302,1.75,1.00
2015.03.18 21:13:41.678,1.92903,1.93014,1.75,1.00
2015.03.18 21:13:41.829,1.92902,1.93015,1.09,1.00
2015.03.18 21:13:42.030,1.92885,1.92997,1.00,1.00
2015.03.18 21:13:42.081,1.92872,1.92997,1.50,1.00
2015.03.18 21:13:42.190,1.92872,1.93018,1.50,1.37
2015.03.18 21:13:42.736,1.92868,1.92988,1.05,1.00
2015.03.18 21:13:43.106,1.92868,1.9299,1.05,1.00
2015.03.18 21:13:43.209,1.92868,1.92987,1.05,1.00
2015.03.18 21:13:43.413,1.92868,1.92989,1.05,1.00
2015.03.18 21:13:43.517,1.92868,1.92992,1.05,1.00
2015.03.18 21:13:43.938,1.92879,1.93004,1.09,1.00
2015.03.18 21:13:44.403,1.92879,1.93006,1.16,1.00
2015.03.18 21:13:44.743,1.92906,1.93001,1.37,1.00
2015.03.18 21:13:45.053,1.92906,1.93053,1.37,1.20
2015.03.18 21:13:45.474,1.92905,1.93008,1.37,1.00
2015.03.18 21:13:46.013,1.92905,1.93008,1.37,1.00
2015.03.18 21:13:46.350,1.92905,1.9301,1.87,1.00
2015.03.18 21:13:46.811,1.92905,1.92993,1.00,1.00
2015.03.18 21:13:46.864,1.92883,1.92993,1.00,1.00
2015.03.18 21:13:46.965,1.92883,1.92997,1.00,1.00
2015.03.18 21:13:47.902,1.92869,1.92997,1.57,1.00
2015.03.18 21:13:47.953,1.92869,1.92997,1.57,1.00
2015.03.18 21:13:48.205,1.92894,1.92999,2.36,1.00
2015.03.18 21:13:48.375,1.92902,1.93003,1.37,1.00
2015.03.18 21:13:48.476,1.92902,1.93006,1.37,1.00
2015.03.18 21:13:48.661,1.92902,1.93005,1.37,1.00
2015.03.18 21:13:49.578,1.92905,1.93007,1.37,1.00
2015.03.18 21:13:49.679,1.92905,1.93007,1.00,1.37
2015.03.18 21:13:49.780,1.92877,1.93005,1.37,1.12
2015.03.18 21:13:49.831,1.92877,1.92994,1.87,1.00
2015.03.18 21:13:50.185,1.92877,1.92988,1.37,1.00
2015.03.18 21:13:50.236,1.92876,1.92988,1.50,1.00
2015.03.18 21:13:50.286,1.9288,1.92988,1.00,1.00
2015.03.18 21:13:50.387,1.92877,1.92988,1.50,1.00
2015.03.18 21:13:50.437,1.92879,1.92988,1.00,1.00
2015.03.18 21:13:51.106,1.92878,1.92988,1.50,1.00
2015.03.18 21:13:51.449,1.92882,1.92988,1.00,1.00
2015.03.18 21:13:52.062,1.92882,1.92989,1.00,1.00
2015.03.18 21:13:52.213,1.92862,1.92982,1.00,1.00
2015.03.18 21:13:52.314,1.92846,1.92964,1.37,1.00
2015.03.18 21:13:52.712,1.92847,1.9295,1.00,1.00
2015.03.18 21:13:53.215,1.92846,1.9295,1.00,1.00
2015.03.18 21:13:53.265,1.92846,1.92955,1.00,1.00
2015.03.18 21:13:54.317,1.92846,1.92952,1.00,1.00
2015.03.18 21:13:55.060,1.92846,1.92951,1.00,1.00
2015.03.18 21:13:55.161,1.92834,1.92952,1.00,1.37
2015.03.18 21:13:55.262,1.92824,1.92955,1.00,1.37
2015.03.18 21:13:55.362,1.92815,1.92946,1.00,1.37
2015.03.18 21:13:55.463,1.92822,1.92946,1.37,1.20
2015.03.18 21:13:55.514,1.92822,1.92952,1.55,1.00
2015.03.18 21:13:55.565,1.92824,1.92952,1.12,1.00
2015.03.18 21:13:55.666,1.92827,1.92973,1.75,1.00
2015.03.18 21:13:55.893,1.92826,1.92974,1.00,1.47
2015.03.18 21:13:56.044,1.92817,1.9297,1.20,2.08
2015.03.18 21:13:56.095,1.92796,1.9296,1.05,1.35
2015.03.18 21:13:56.145,1.92791,1.92947,1.20,1.43
2015.03.18 21:13:56.196,1.92811,1.92942,1.00,1.75
2015.03.18 21:13:56.253,1.92798,1.92929,1.00,1.00
2015.03.18 21:13:56.354,1.92791,1.9292,1.95,1.00
2015.03.18 21:13:57.201,1.92792,1.92923,1.42,1.00
2015.03.18 21:13:58.377,1.92793,1.92922,1.15,1.00
2015.03.18 21:13:58.730,1.92791,1.92916,1.20,1.00
2015.03.18 21:13:58.883,1.92791,1.92919,1.20,1.00
2015.03.18 21:13:59.589,1.92791,1.9292,1.20,1.00
2015.03.18 21:13:59.841,1.92792,1.92922,1.42,1.00
2015.03.18 21:14:00.500,1.92793,1.92921,1.15,1.00
2015.03.18 21:14:01.116,1.92792,1.92922,1.42,1.00
2015.03.18 21:14:02.011,1.92795,1.92926,1.15,1.00
2015.03.18 21:14:03.288,1.92796,1.92925,1.17,1.00
2015.03.18 21:14:04.092,1.92795,1.92926,1.15,1.00
2015.03.18 21:14:04.747,1.92796,1.92925,1.17,1.00
2015.03.18 21:14:05.052,1.92798,1.92929,1.00,1.00
2015.03.18 21:14:05.154,1.92791,1.92921,1.95,1.00
2015.03.18 21:14:05.256,1.92791,1.92955,1.20,1.42
2015.03.18 21:14:05.917,1.92791,1.92955,1.20,1.42
2015.03.18 21:14:06.632,1.92791,1.92955,1.20,1.42
2015.03.18 21:14:07.167,1.92791,1.92917,1.20,1.00
2015.03.18 21:14:08.868,1.92791,1.92918,1.20,1.00
2015.03.18 21:14:09.467,1.92791,1.92917,1.20,1.00
2015.03.18 21:14:10.022,1.92791,1.92918,1.20,1.00
2015.03.18 21:14:10.329,1.92791,1.9292,1.95,1.00
2015.03.18 21:14:10.430,1.92794,1.92925,1.15,1.00
2015.03.18 21:14:10.990,1.92795,1.92924,1.15,1.00
2015.03.18 21:14:11.349,1.92791,1.92955,1.20,1.42
2015.03.18 21:14:11.401,1.92791,1.92955,1.20,1.42
2015.03.18 21:14:11.709,1.92791,1.92913,1.20,1.00
2015.03.18 21:14:11.759,1.92791,1.92917,1.20,1.00
2015.03.18 21:14:11.860,1.92791,1.92955,1.20,1.42
2015.03.18 21:14:12.831,1.92791,1.92955,1.20,1.42
2015.03.18 21:14:13.661,1.92791,1.92949,1.20,1.37
2015.03.18 21:14:14.101,1.92791,1.92919,1.20,1.00
2015.03.18 21:14:14.441,1.92791,1.92917,1.20,1.00
2015.03.18 21:14:14.650,1.92791,1.92919,1.95,1.00
2015.03.18 21:14:15.660,1.92791,1.92917,1.20,1.00
2015.03.18 21:14:16.166,1.92791,1.92918,1.20,1.00
2015.03.18 21:14:16.458,1.92788,1.92918,1.17,1.00
2015.03.18 21:14:17.121,1.92789,1.92917,1.10,1.00
2015.03.18 21:14:17.680,1.92788,1.92918,1.17,1.00
2015.03.18 21:14:18.569,1.92804,1.92934,1.00,1.00
2015.03.18 21:14:19.489,1.928,1.92931,1.00,1.00
2015.03.18 21:14:20.492,1.92801,1.9293,1.00,1.00
2015.03.18 21:14:21.303,1.928,1.92931,1.00,1.00
2015.03.18 21:14:22.418,1.92801,1.9293,1.00,1.00
2015.03.18 21:14:23.400,1.928,1.92931,1.00,1.00
2015.03.18 21:14:24.006,1.92801,1.9293,1.00,1.00
2015.03.18 21:14:24.543,1.928,1.92931,1.00,1.00
2015.03.18 21:14:24.594,1.92806,1.92931,1.20,1.00
2015.03.18 21:14:24.644,1.92808,1.92937,1.15,1.00
2015.03.18 21:14:25.301,1.92807,1.92938,1.42,1.00
2015.03.18 21:14:25.404,1.92812,1.92942,1.10,1.00
2015.03.18 21:14:26.218,1.92806,1.92951,1.20,1.00
2015.03.18 21:14:26.422,1.92806,1.9293,1.20,1.00
2015.03.18 21:14:27.228,1.92806,1.92934,1.20,1.00
2015.03.18 21:14:27.433,1.92806,1.9293,1.20,1.00
2015.03.18 21:14:27.686,1.92797,1.92927,1.00,1.00
2015.03.18 21:14:27.738,1.92791,1.92922,1.00,1.00
2015.03.18 21:14:28.041,1.92794,1.92924,1.00,1.00
2015.03.18 21:14:28.344,1.92788,1.92919,1.60,1.07
2015.03.18 21:14:28.395,1.92795,1.92919,1.20,1.00
2015.03.18 21:14:28.549,1.92795,1.92923,1.20,1.00
2015.03.18 21:14:28.700,1.92802,1.92931,1.00,1.00
2015.03.18 21:14:28.857,1.92804,1.92931,1.00,1.00
2015.03.18 21:14:29.008,1.92795,1.92957,1.20,1.80
2015.03.18 21:14:29.164,1.92808,1.92935,1.00,1.00
2015.03.18 21:14:29.501,1.92795,1.92957,1.20,1.05
2015.03.18 21:14:29.601,1.92806,1.92936,1.00,1.00
2015.03.18 21:14:29.903,1.92795,1.92957,1.20,1.05
2015.03.18 21:14:30.553,1.92795,1.92957,1.20,1.05
2015.03.18 21:14:30.694,1.92806,1.92937,1.00,1.00
2015.03.18 21:14:31.001,1.9281,1.92938,1.00,1.00
2015.03.18 21:14:31.204,1.92795,1.92957,1.20,1.05
2015.03.18 21:14:31.923,1.928,1.92931,1.17,1.00
2015.03.18 21:14:32.025,1.92803,1.92934,1.00,1.00
2015.03.18 21:14:33.030,1.92795,1.92957,1.20,1.05
2015.03.18 21:14:33.613,1.92795,1.92957,1.20,1.05
2015.03.18 21:14:34.132,1.92795,1.92957,1.20,1.05
2015.03.18 21:14:34.432,1.92801,1.92932,1.10,1.00
2015.03.18 21:14:34.737,1.92809,1.92938,1.00,1.00
2015.03.18 21:14:35.447,1.92808,1.92939,1.00,1.00
2015.03.18 21:14:36.559,1.92809,1.92938,1.00,1.00
2015.03.18 21:14:37.925,1.92808,1.92939,1.00,1.00
2015.03.18 21:14:37.976,1.92795,1.92957,1.20,1.05
2015.03.18 21:14:38.231,1.92795,1.92957,1.20,1.05
2015.03.18 21:14:39.396,1.92802,1.92932,1.00,1.00
2015.03.18 21:14:41.415,1.92803,1.92931,1.00,1.00
2015.03.18 21:14:41.961,1.92802,1.92932,1.00,1.00
2015.03.18 21:14:42.731,1.92806,1.92935,1.00,1.00
2015.03.18 21:14:43.642,1.92805,1.92936,1.00,1.00
2015.03.18 21:14:44.683,1.92807,1.92936,1.00,1.00
2015.03.18 21:14:45.355,1.92806,1.92937,1.00,1.00
2015.03.18 21:14:46.703,1.92807,1.92936,1.00,1.00
2015.03.18 21:14:47.516,1.92802,1.92933,1.00,1.00
2015.03.18 21:14:47.617,1.92795,1.92955,1.20,1.52
2015.03.18 21:14:48.503,1.92796,1.92959,1.20,1.57
2015.03.18 21:14:49.522,1.92796,1.92959,1.20,1.95
2015.03.18 21:14:49.911,1.9281,1.92941,1.00,1.00
2015.03.18 21:14:50.215,1.92814,1.92943,1.00,1.00
2015.03.18 21:14:50.925,1.92813,1.92944,1.00,1.00
2015.03.18 21:14:52.315,1.92814,1.92943,1.00,1.00
2015.03.18 21:14:52.420,1.92802,1.92932,1.00,1.00
2015.03.18 21:14:53.527,1.92806,1.92937,1.00,1.00
2015.03.18 21:14:54.086,1.92807,1.92936,1.00,1.00
2015.03.18 21:14:54.852,1.92805,1.92934,1.00,1.00
2015.03.18 21:14:54.955,1.92801,1.92932,1.20,1.00
2015.03.18 21:14:55.056,1.92799,1.92927,1.15,1.00
2015.03.18 21:14:55.570,1.92796,1.92959,1.20,1.95
2015.03.18 21:14:56.079,1.92798,1.92929,1.15,1.00
2015.03.18 21:14:56.437,1.92796,1.92925,1.95,1.00
2015.03.18 21:14:58.162,1.92796,1.92926,1.20,1.00
2015.03.18 21:14:58.667,1.92796,1.92925,1.95,1.00
2015.03.18 21:14:58.976,1.92796,1.92913,1.20,1.00
2015.03.18 21:14:59.526,1.92796,1.92914,1.20,1.00
2015.03.18 21:15:00.323,1.92796,1.92912,1.20,1.00
2015.03.18 21:15:00.794,1.92796,1.92909,1.20,1.00
2015.03.18 21:15:01.048,1.92777,1.92907,1.15,1.00
2015.03.18 21:15:01.894,1.92781,1.92912,1.00,1.00
2015.03.18 21:15:02.051,1.92785,1.92916,1.00,1.00
2015.03.18 21:15:02.151,1.92774,1.92937,1.20,1.20
2015.03.18 21:15:02.252,1.92779,1.92911,1.17,1.00
2015.03.18 21:15:02.555,1.92775,1.92905,1.42,1.00
2015.03.18 21:15:02.656,1.92774,1.92937,1.20,1.20
2015.03.18 21:15:03.171,1.92774,1.92882,1.20,1.00
2015.03.18 21:15:03.272,1.92774,1.92937,1.20,1.20
2015.03.18 21:15:03.424,1.92754,1.92915,1.05,1.20
2015.03.18 21:15:03.750,1.92754,1.92877,1.05,1.00
2015.03.18 21:15:03.955,1.92754,1.92915,1.05,1.20
2015.03.18 21:15:04.765,1.92753,1.92873,1.20,1.00
2015.03.18 21:15:04.866,1.92753,1.92875,1.20,1.00
2015.03.18 21:15:05.370,1.92753,1.92876,1.20,1.00
2015.03.18 21:15:05.491,1.92753,1.92879,1.20,1.00
2015.03.18 21:15:05.593,1.92753,1.92915,1.20,1.20
2015.03.18 21:15:06.881,1.92753,1.92883,1.20,1.00
2015.03.18 21:15:07.535,1.92753,1.92882,1.95,1.00
2015.03.18 21:15:08.052,1.92753,1.92875,1.20,1.00
2015.03.18 21:15:08.579,1.92753,1.92876,1.20,1.00
2015.03.18 21:15:08.721,1.92753,1.92878,1.20,1.00
2015.03.18 21:15:09.639,1.92755,1.92883,1.15,1.00
2015.03.18 21:15:10.454,1.92754,1.92884,1.42,1.00
2015.03.18 21:15:10.990,1.92753,1.92881,1.20,1.00
2015.03.18 21:15:11.368,1.92753,1.92879,1.20,1.00
2015.03.18 21:15:12.159,1.92753,1.92878,1.20,1.00
2015.03.18 21:15:12.819,1.92753,1.92879,1.20,1.00
2015.03.18 21:15:13.388,1.92753,1.92878,1.20,1.00
2015.03.18 21:15:13.613,1.92753,1.92882,1.95,1.00
2015.03.18 21:15:14.122,1.92753,1.92881,1.20,1.00
2015.03.18 21:15:14.936,1.92754,1.92885,1.42,1.00
2015.03.18 21:15:15.498,1.92755,1.92884,1.15,1.00
2015.03.18 21:15:15.548,1.92753,1.9288,1.20,1.00
2015.03.18 21:15:16.473,1.92753,1.92877,1.20,1.00
2015.03.18 21:15:16.823,1.92753,1.92881,1.20,1.00
2015.03.18 21:15:17.432,1.92753,1.92869,1.20,1.00
2015.03.18 21:15:18.141,1.92753,1.92868,1.20,1.00
2015.03.18 21:15:18.241,1.92753,1.92871,1.20,1.00
2015.03.18 21:15:18.471,1.92753,1.92876,1.20,1.00
2015.03.18 21:15:18.762,1.92753,1.92879,1.20,1.00
2015.03.18 21:15:19.303,1.92753,1.92878,1.20,1.00
2015.03.18 21:15:19.456,1.92753,1.92876,1.20,1.00
2015.03.18 21:15:19.959,1.92753,1.92872,1.20,1.00
2015.03.18 21:15:21.269,1.92753,1.9288,1.20,1.00
2015.03.18 21:15:21.881,1.92753,1.92879,1.20,1.00
2015.03.18 21:15:22.406,1.92753,1.9288,1.20,1.00
2015.03.18 21:15:23.016,1.92753,1.92879,1.20,1.00
2015.03.18 21:15:23.381,1.92754,1.92879,1.20,1.00
2015.03.18 21:15:23.431,1.92754,1.92882,1.20,1.00
2015.03.18 21:15:23.482,1.92758,1.92882,1.20,1.00
2015.03.18 21:15:23.840,1.92758,1.92876,1.20,1.00
2015.03.18 21:15:23.941,1.92758,1.92883,1.20,1.00
2015.03.18 21:15:24.042,1.92758,1.92885,1.20,1.00
2015.03.18 21:15:25.421,1.92758,1.92886,1.20,1.00
2015.03.18 21:15:25.647,1.92758,1.92883,1.20,1.00
2015.03.18 21:15:26.456,1.92758,1.92882,1.20,1.00
2015.03.18 21:15:27.213,1.92758,1.92883,1.20,1.00
2015.03.18 21:15:27.755,1.92758,1.92882,1.20,1.00
2015.03.18 21:15:29.437,1.92758,1.92883,1.20,1.00
2015.03.18 21:15:31.223,1.92758,1.92887,1.20,1.00
2015.03.18 21:15:31.842,1.92758,1.92882,1.20,1.00
2015.03.18 21:15:32.420,1.92758,1.92883,1.20,1.00
2015.03.18 21:15:32.926,1.92758,1.92885,1.20,1.00
2015.03.18 21:15:34.457,1.92758,1.92886,1.20,1.00
2015.03.18 21:15:34.661,1.92758,1.9288,1.20,1.00
2015.03.18 21:15:35.982,1.92758,1.92881,1.20,1.00
2015.03.18 21:15:36.692,1.92758,1.9288,1.20,1.00
2015.03.18 21:15:38.717,1.92758,1.92881,1.20,1.00
2015.03.18 21:15:39.222,1.92758,1.9288,1.20,1.00
2015.03.18 21:15:40.397,1.92758,1.92872,1.20,1.00
2015.03.18 21:15:40.777,1.92758,1.9287,1.20,1.00
2015.03.18 21:15:41.031,1.92758,1.92921,1.20,1.05
2015.03.18 21:15:41.282,1.92758,1.92921,1.20,1.05
2015.03.18 21:15:41.631,1.92758,1.92866,1.20,1.00
2015.03.18 21:15:41.916,1.92758,1.92869,1.20,1.00
2015.03.18 21:15:42.672,1.92758,1.92866,1.20,1.00
2015.03.18 21:15:42.856,1.92758,1.92868,1.20,1.00
2015.03.18 21:15:43.466,1.92758,1.92867,1.20,1.00
2015.03.18 21:15:43.517,1.92746,1.92867,1.20,1.00
2015.03.18 21:15:44.076,1.92746,1.92871,1.20,1.00
2015.03.18 21:15:44.177,1.92746,1.92866,1.20,1.00
2015.03.18 21:15:46.006,1.92746,1.92867,1.20,1.00
2015.03.18 21:15:46.665,1.92746,1.92866,1.20,1.00
2015.03.18 21:15:47.166,1.92746,1.92867,1.20,1.00
2015.03.18 21:15:47.791,1.92746,1.92866,1.20,1.00
2015.03.18 21:15:48.486,1.92746,1.92867,1.20,1.00
2015.03.18 21:15:48.990,1.92746,1.92866,1.20,1.00
2015.03.18 21:15:50.092,1.92746,1.92873,1.20,1.00
2015.03.18 21:15:50.142,1.92746,1.92869,1.20,1.00
2015.03.18 21:15:50.853,1.92746,1.92866,1.57,1.00
2015.03.18 21:15:51.678,1.92746,1.92869,1.20,1.00
2015.03.18 21:15:51.781,1.92746,1.92872,1.20,1.00
2015.03.18 21:15:51.981,1.92746,1.92869,1.20,1.00
2015.03.18 21:15:53.454,1.92746,1.92871,1.20,1.00
2015.03.18 21:15:53.758,1.92746,1.92909,1.20,1.20
2015.03.18 21:15:54.010,1.92746,1.92871,1.57,1.00
2015.03.18 21:15:55.879,1.92746,1.92875,1.95,1.00
2015.03.18 21:15:56.030,1.92746,1.9287,1.20,1.00
2015.03.18 21:15:56.082,1.92746,1.92909,1.20,1.20
2015.03.18 21:15:56.990,1.92746,1.92869,1.20,1.00
2015.03.18 21:15:57.091,1.92746,1.92871,1.20,1.00
2015.03.18 21:15:57.817,1.92746,1.92868,1.20,1.00
2015.03.18 21:15:57.899,1.92746,1.92871,1.20,1.00
2015.03.18 21:15:58.323,1.92746,1.92866,1.20,1.00
2015.03.18 21:15:59.670,1.92746,1.92909,1.20,1.20
2015.03.18 21:16:00.273,1.92746,1.92872,1.20,1.00
2015.03.18 21:16:01.264,1.92746,1.92871,1.20,1.00
2015.03.18 21:16:02.241,1.92746,1.92872,1.20,1.00
2015.03.18 21:16:02.850,1.92746,1.92871,1.20,1.00
2015.03.18 21:16:02.951,1.92746,1.92875,1.95,1.00
2015.03.18 21:16:04.374,1.9275,1.92875,1.20,1.00
2015.03.18 21:16:04.700,1.9274,1.92864,1.35,1.00
2015.03.18 21:16:04.751,1.92737,1.92864,1.00,1.00
2015.03.18 21:16:04.852,1.92735,1.92864,1.00,1.00
2015.03.18 21:16:04.982,1.92727,1.92892,1.20,1.20
2015.03.18 21:16:05.413,1.92727,1.92846,1.20,1.00
2015.03.18 21:16:05.899,1.92727,1.92843,1.20,1.00
2015.03.18 21:16:06.215,1.92727,1.92841,1.20,1.00
2015.03.18 21:16:06.316,1.92727,1.92847,1.20,1.00
2015.03.18 21:16:06.416,1.92727,1.92839,1.20,1.00
2015.03.18 21:16:06.753,1.92705,1.92836,1.67,1.00
2015.03.18 21:16:06.804,1.92704,1.92869,1.20,1.20
2015.03.18 21:16:06.900,1.92704,1.92826,1.20,1.00
2015.03.18 21:16:07.218,1.92705,1.92834,1.67,1.00
2015.03.18 21:16:07.319,1.92711,1.92842,1.10,1.00
2015.03.18 21:16:07.867,1.92712,1.92841,1.00,1.00
2015.03.18 21:16:08.335,1.92716,1.92847,1.00,1.00
2015.03.18 21:16:08.442,1.92713,1.92844,1.00,1.00
2015.03.18 21:16:08.859,1.92717,1.92846,1.00,1.00
2015.03.18 21:16:09.262,1.92714,1.92845,1.00,1.00
2015.03.18 21:16:09.813,1.92718,1.92847,1.00,1.00
2015.03.18 21:16:10.314,1.92717,1.92848,1.00,1.00
2015.03.18 21:16:10.930,1.92718,1.92847,1.00,1.00
2015.03.18 21:16:11.370,1.92716,1.92847,1.00,1.00
2015.03.18 21:16:11.936,1.92719,1.92846,1.00,1.00
2015.03.18 21:16:12.241,1.92717,1.92846,1.00,1.00
2015.03.18 21:16:12.342,1.92721,1.92852,1.00,1.00
2015.03.18 21:16:12.443,1.92713,1.92844,1.00,1.00
2015.03.18 21:16:13.251,1.92714,1.92843,1.00,1.00
2015.03.18 21:16:14.021,1.92706,1.92869,1.05,1.20
2015.03.18 21:16:14.620,1.92706,1.92869,1.05,1.20
2015.03.18 21:16:14.977,1.92727,1.92858,1.00,1.00
2015.03.18 21:16:15.283,1.92726,1.92854,1.00,1.00
2015.03.18 21:16:15.484,1.92706,1.92869,1.05,1.20
2015.03.18 21:16:15.924,1.92706,1.92869,1.05,1.20
2015.03.18 21:16:16.091,1.92723,1.92852,1.00,1.00
2015.03.18 21:16:16.659,1.92725,1.92852,1.00,1.00
2015.03.18 21:16:17.101,1.92726,1.92857,1.00,1.00
2015.03.18 21:16:17.658,1.92727,1.92856,1.00,1.00
2015.03.18 21:16:18.916,1.92728,1.92859,1.00,1.00
2015.03.18 21:16:19.026,1.92724,1.92855,1.00,1.00
2015.03.18 21:16:20.180,1.92729,1.92858,1.00,1.00
2015.03.18 21:16:20.517,1.92734,1.92862,1.00,1.10
2015.03.18 21:16:22.170,1.92733,1.92863,1.00,1.07
2015.03.18 21:16:22.272,1.92729,1.9286,1.00,1.00
2015.03.18 21:16:22.878,1.92729,1.92858,1.00,1.00
2015.03.18 21:16:24.274,1.92729,1.92857,1.00,1.00
2015.03.18 21:16:24.803,1.92728,1.92858,1.00,1.00
2015.03.18 21:16:26.125,1.92725,1.92855,1.00,1.00
2015.03.18 21:16:26.951,1.92726,1.92854,1.00,1.00
2015.03.18 21:16:28.751,1.92728,1.92859,1.00,1.00
2015.03.18 21:16:28.802,1.92721,1.9285,1.15,1.00
2015.03.18 21:16:28.853,1.92724,1.92854,1.20,1.00
2015.03.18 21:16:29.455,1.92721,1.92849,1.15,1.00
2015.03.18 21:16:29.783,1.92725,1.92853,1.00,1.00
2015.03.18 21:16:29.884,1.92721,1.92849,1.15,1.00
2015.03.18 21:16:30.393,1.92719,1.92846,1.20,1.00
2015.03.18 21:16:30.698,1.92719,1.92843,1.20,1.00
2015.03.18 21:16:30.799,1.9272,1.92849,1.15,1.00
2015.03.18 21:16:30.900,1.92719,1.92839,1.20,1.00
2015.03.18 21:16:31.536,1.92719,1.92843,1.20,1.00
2015.03.18 21:16:31.813,1.9272,1.92851,1.15,1.00
2015.03.18 21:16:32.376,1.92721,1.9285,1.15,1.00
2015.03.18 21:16:32.427,1.92719,1.92848,1.20,1.00
2015.03.18 21:16:34.347,1.9272,1.92851,1.15,1.00
2015.03.18 21:16:35.464,1.92721,1.9285,1.15,1.00
2015.03.18 21:16:36.279,1.92719,1.92846,1.20,1.00
2015.03.18 21:16:36.485,1.92721,1.92849,1.15,1.00
2015.03.18 21:16:37.041,1.9272,1.9285,1.15,1.00
2015.03.18 21:16:37.092,1.92719,1.92846,1.20,1.00
2015.03.18 21:16:37.597,1.92719,1.92847,1.20,1.00
2015.03.18 21:16:38.178,1.92719,1.92843,1.20,1.00
2015.03.18 21:16:40.178,1.92719,1.92844,1.20,1.00
2015.03.18 21:16:41.187,1.92719,1.92847,1.20,1.00
2015.03.18 21:16:42.195,1.92716,1.92847,1.00,1.17
2015.03.18 21:16:42.245,1.92722,1.9285,1.00,1.05
2015.03.18 21:16:42.298,1.9271,1.92839,1.00,1.37
2015.03.18 21:16:42.401,1.92706,1.92834,1.00,1.12
2015.03.18 21:16:42.502,1.92693,1.92824,1.07,1.00
2015.03.18 21:16:43.287,1.92693,1.92822,1.07,1.00
2015.03.18 21:16:43.915,1.92691,1.92818,1.15,1.00
2015.03.18 21:16:44.423,1.92691,1.92819,1.15,1.00
2015.03.18 21:16:44.927,1.92691,1.92818,1.15,1.00
2015.03.18 21:16:45.029,1.92692,1.92823,1.17,1.00
2015.03.18 21:16:45.847,1.92691,1.9282,1.15,1.00
2015.03.18 21:16:46.343,1.92691,1.92815,1.15,1.00
2015.03.18 21:16:46.891,1.92691,1.92816,1.15,1.00
2015.03.18 21:16:47.202,1.92691,1.92813,1.15,1.00
2015.03.18 21:16:48.144,1.92691,1.92818,1.15,1.00
2015.03.18 21:16:48.514,1.92693,1.92822,1.07,1.00
2015.03.18 21:16:48.565,1.92696,1.92825,1.00,1.00
2015.03.18 21:16:48.669,1.92698,1.92825,1.00,1.00
2015.03.18 21:16:49.173,1.92695,1.92825,1.00,1.00
2015.03.18 21:16:49.528,1.92699,1.92827,1.00,1.00
2015.03.18 21:16:49.689,1.92698,1.9283,1.00,1.00
2015.03.18 21:16:49.791,1.92701,1.92832,1.00,1.00
2015.03.18 21:16:50.186,1.92703,1.92832,1.00,1.00
2015.03.18 21:16:50.695,1.92704,1.92831,1.00,1.00
2015.03.18 21:16:51.828,1.92706,1.92835,1.00,1.00
2015.03.18 21:16:52.384,1.92705,1.92834,1.00,1.00
2015.03.18 21:16:52.722,1.92702,1.9283,1.00,1.00
2015.03.18 21:16:53.731,1.92701,1.92831,1.00,1.00
2015.03.18 21:16:54.440,1.92702,1.9283,1.00,1.00
2015.03.18 21:16:54.998,1.92701,1.92831,1.00,1.00
2015.03.18 21:16:55.541,1.92702,1.9283,1.00,1.00
2015.03.18 21:16:56.467,1.927,1.9283,1.00,1.00
2015.03.18 21:16:56.569,1.92703,1.92832,1.00,1.00
2015.03.18 21:16:57.594,1.92702,1.92833,1.00,1.00
2015.03.18 21:16:57.937,1.92698,1.92829,1.00,1.00
2015.03.18 21:16:58.343,1.92696,1.92825,1.50,1.00
2015.03.18 21:16:58.904,1.92696,1.92826,1.00,1.00
2015.03.18 21:16:59.564,1.92696,1.92825,1.50,1.00
2015.03.18 21:17:00.275,1.92696,1.92826,1.00,1.00
2015.03.18 21:17:02.503,1.92696,1.92819,1.00,1.00
2015.03.18 21:17:03.118,1.92696,1.92818,1.00,1.00
2015.03.18 21:17:03.828,1.92696,1.92819,1.00,1.00
2015.03.18 21:17:04.439,1.92695,1.92816,1.00,1.00
2015.03.18 21:17:04.711,1.92695,1.92819,1.00,1.00
2015.03.18 21:17:05.323,1.92695,1.92818,1.00,1.00
2015.03.18 21:17:05.923,1.92695,1.92819,1.00,1.00
2015.03.18 21:17:06.470,1.92695,1.9282,1.00,1.00
2015.03.18 21:17:08.780,1.92695,1.92821,1.00,1.00
2015.03.18 21:17:08.882,1.92695,1.92817,1.00,1.00
2015.03.18 21:17:09.083,1.92695,1.9284,1.00,1.35
2015.03.18 21:17:09.409,1.92696,1.9281,1.00,1.00
2015.03.18 21:17:10.022,1.92696,1.92811,1.00,1.00
2015.03.18 21:17:10.073,1.92696,1.92819,1.00,1.00
2015.03.18 21:17:10.175,1.92696,1.92815,1.00,1.00
2015.03.18 21:17:10.723,1.92696,1.92816,1.00,1.00
2015.03.18 21:17:12.102,1.92696,1.92814,1.00,1.00
2015.03.18 21:17:13.215,1.92696,1.92821,1.00,1.00
2015.03.18 21:17:13.897,1.92696,1.9282,1.00,1.00
2015.03.18 21:17:14.048,1.92696,1.92817,1.00,1.00
2015.03.18 21:17:15.464,1.92696,1.92818,1.00,1.00
2015.03.18 21:17:15.565,1.92696,1.92825,1.00,1.00
2015.03.18 21:17:15.666,1.92696,1.92822,1.00,1.00
2015.03.18 21:17:16.732,1.92696,1.9284,1.00,1.05
2015.03.18 21:17:17.586,1.92696,1.92826,1.00,1.00
2015.03.18 21:17:17.921,1.92699,1.92827,1.00,1.00
2015.03.18 21:17:18.072,1.92696,1.9284,1.00,1.05
2015.03.18 21:17:18.507,1.92697,1.92818,1.00,1.00
2015.03.18 21:17:19.420,1.92697,1.92819,1.00,1.00
2015.03.18 21:17:19.979,1.92697,1.92816,1.00,1.00
2015.03.18 21:17:20.486,1.92697,1.92814,1.00,1.00
2015.03.18 21:17:21.294,1.92697,1.92813,1.00,1.00
2015.03.18 21:17:21.709,1.92697,1.92817,1.00,1.00
2015.03.18 21:17:21.800,1.92697,1.9282,1.00,1.00
2015.03.18 21:17:22.136,1.92701,1.92819,1.00,1.00
2015.03.18 21:17:22.429,1.92701,1.9284,1.00,1.05
2015.03.18 21:17:22.716,1.92701,1.9284,1.00,1.05
2015.03.18 21:17:23.678,1.92696,1.92826,1.00,1.20
2015.03.18 21:17:23.779,1.92696,1.92815,1.00,1.00
2015.03.18 21:17:23.836,1.92696,1.92826,1.00,1.20
2015.03.18 21:17:26.231,1.92693,1.9282,1.00,1.10
2015.03.18 21:17:26.289,1.9269,1.92821,1.50,1.17
2015.03.18 21:17:26.390,1.92692,1.92823,1.00,1.15
2015.03.18 21:17:26.490,1.9269,1.92826,1.00,1.20
2015.03.18 21:17:26.899,1.92689,1.92797,1.00,1.00
2015.03.18 21:17:27.552,1.92689,1.92798,1.00,1.00
2015.03.18 21:17:28.415,1.92689,1.92801,1.00,1.00
2015.03.18 21:17:28.711,1.92689,1.92798,1.00,1.00
2015.03.18 21:17:29.135,1.92689,1.92795,1.00,1.00
2015.03.18 21:17:29.569,1.92689,1.92797,1.00,1.00
2015.03.18 21:17:29.731,1.92689,1.92799,1.00,1.00
2015.03.18 21:17:29.969,1.9269,1.92797,1.00,1.00
2015.03.18 21:17:30.070,1.92684,1.92797,1.00,1.00
2015.03.18 21:17:31.107,1.92684,1.92799,1.00,1.00
2015.03.18 21:17:31.158,1.92684,1.92801,1.00,1.00
2015.03.18 21:17:31.472,1.92684,1.92804,1.00,1.00
2015.03.18 21:17:31.644,1.92684,1.928,1.00,1.00
2015.03.18 21:17:32.228,1.92684,1.92801,1.00,1.00
2015.03.18 21:17:32.481,1.92685,1.9281,1.00,1.00
2015.03.18 21:17:32.587,1.92685,1.92826,1.00,1.20
2015.03.18 21:17:32.689,1.92685,1.9281,1.00,1.00
2015.03.18 21:17:33.197,1.92685,1.92826,1.00,1.20
2015.03.18 21:17:34.185,1.92685,1.92813,1.00,1.00
2015.03.18 21:17:34.513,1.92682,1.92808,1.00,1.00
2015.03.18 21:17:34.725,1.92678,1.92826,1.00,1.20
2015.03.18 21:17:35.022,1.92678,1.92825,1.00,1.42
2015.03.18 21:17:35.694,1.92678,1.92825,1.00,1.42
2015.03.18 21:17:36.057,1.92678,1.92797,1.00,1.00
2015.03.18 21:17:37.040,1.92678,1.928,1.00,1.00
2015.03.18 21:17:37.758,1.92678,1.92798,1.00,1.00
2015.03.18 21:17:38.276,1.92678,1.92801,1.00,1.00
2015.03.18 21:17:38.881,1.92678,1.928,1.00,1.00
2015.03.18 21:17:38.933,1.92678,1.92797,1.00,1.00
2015.03.18 21:17:39.439,1.92678,1.92798,1.00,1.00
2015.03.18 21:17:39.591,1.92678,1.92804,1.00,1.00
2015.03.18 21:17:40.825,1.92679,1.92803,1.00,1.00
2015.03.18 21:17:41.468,1.92679,1.92804,1.00,1.00
2015.03.18 21:17:42.000,1.92679,1.92803,1.00,1.00
2015.03.18 21:17:42.907,1.92679,1.92804,1.00,1.00
2015.03.18 21:17:43.010,1.92679,1.92801,1.00,1.00
2015.03.18 21:17:43.135,1.92672,1.92801,1.00,1.00
2015.03.18 21:17:43.186,1.9266,1.9282,1.72,1.15
2015.03.18 21:17:43.237,1.92663,1.92821,2.05,1.20
2015.03.18 21:17:43.538,1.92664,1.92821,1.46,1.20
2015.03.18 21:17:43.888,1.92669,1.92797,1.37,1.00
2015.03.18 21:17:44.201,1.92666,1.92794,1.50,1.00
2015.03.18 21:17:44.503,1.92663,1.9279,1.95,1.00
2015.03.18 21:17:45.652,1.92663,1.92791,1.57,1.00
2015.03.18 21:17:45.753,1.92664,1.92793,1.37,1.00
2015.03.18 21:17:46.747,1.92663,1.92794,1.76,1.00
2015.03.18 21:17:47.156,1.92666,1.92796,1.00,1.00
2015.03.18 21:17:47.358,1.92658,1.92821,1.95,1.20
2015.03.18 21:17:47.661,1.9266,1.92821,2.05,1.20
2015.03.18 21:17:47.991,1.92667,1.92796,1.00,1.00
2015.03.18 21:17:48.041,1.92658,1.92821,1.95,1.20
2015.03.18 21:17:48.092,1.9266,1.92821,2.20,1.20
2015.03.18 21:17:48.627,1.9267,1.92801,1.00,1.00
2015.03.18 21:17:49.256,1.92671,1.928,1.00,1.00
2015.03.18 21:17:50.066,1.9267,1.92801,1.12,1.00
2015.03.18 21:17:51.282,1.92671,1.928,1.00,1.00
2015.03.18 21:17:53.454,1.92666,1.92797,1.37,1.00
2015.03.18 21:17:53.655,1.92666,1.92795,1.00,1.00
2015.03.18 21:17:55.363,1.92672,1.92799,1.00,1.00
2015.03.18 21:17:56.396,1.92672,1.928,1.00,1.00
2015.03.18 21:17:56.497,1.92674,1.92803,1.00,1.00
2015.03.18 21:17:57.004,1.92673,1.92804,1.00,1.00
2015.03.18 21:17:57.802,1.92674,1.92803,1.00,1.00
2015.03.18 21:17:57.903,1.92676,1.92806,1.00,1.00
2015.03.18 21:17:58.425,1.92673,1.92803,1.00,1.00
2015.03.18 21:17:58.511,1.92673,1.92805,1.00,1.00
2015.03.18 21:17:58.561,1.92673,1.92805,1.00,1.37
2015.03.18 21:17:58.865,1.92658,1.92774,1.00,1.42
2015.03.18 21:17:59.119,1.92656,1.92775,1.00,1.50
2015.03.18 21:17:59.238,1.92649,1.92774,1.00,1.49
2015.03.18 21:18:00.266,1.92644,1.92773,1.00,1.80
2015.03.18 21:18:01.340,1.92643,1.92773,1.00,1.05
2015.03.18 21:18:01.879,1.92645,1.92773,1.00,1.05
2015.03.18 21:18:01.980,1.92638,1.92768,1.00,1.47
2015.03.18 21:18:02.161,1.92609,1.92773,1.20,1.05
2015.03.18 21:18:02.262,1.9264,1.92769,1.00,1.17
2015.03.18 21:18:02.665,1.92609,1.92773,1.20,1.05
2015.03.18 21:18:03.068,1.92636,1.92766,1.00,1.00
2015.03.18 21:18:03.519,1.9264,1.92769,1.00,1.17
2015.03.18 21:18:04.486,1.92639,1.92768,1.00,1.10
2015.03.18 21:18:05.143,1.9264,1.92767,1.00,1.00
2015.03.18 21:18:05.194,1.92636,1.92765,1.00,1.00
2015.03.18 21:18:05.830,1.92635,1.92766,1.00,1.00
2015.03.18 21:18:07.209,1.92636,1.92765,1.00,1.00
2015.03.18 21:18:07.632,1.92633,1.92761,1.00,1.00
2015.03.18 21:18:07.735,1.92628,1.92757,1.00,1.00
2015.03.18 21:18:08.766,1.92627,1.92758,1.00,1.00
2015.03.18 21:18:08.817,1.92609,1.92773,1.20,1.05
2015.03.18 21:18:08.938,1.92634,1.92762,1.00,1.00
2015.03.18 21:18:09.039,1.92636,1.92767,1.00,1.00
2015.03.18 21:18:09.248,1.92609,1.92773,1.20,1.05
2015.03.18 21:18:10.046,1.92631,1.9276,1.00,1.00
2015.03.18 21:18:10.788,1.92634,1.92764,1.00,1.00
2015.03.18 21:18:10.896,1.9263,1.9276,1.00,1.00
2015.03.18 21:18:11.221,1.92625,1.92754,1.00,1.00
2015.03.18 21:18:11.760,1.92624,1.92755,1.00,1.00
2015.03.18 21:18:12.062,1.92649,1.92753,1.37,1.00
2015.03.18 21:18:12.113,1.92649,1.9276,1.37,1.00
2015.03.18 21:18:12.214,1.92643,1.92764,1.80,1.00
2015.03.18 21:18:12.315,1.92642,1.92767,2.27,1.00
2015.03.18 21:18:12.425,1.92642,1.92765,2.27,1.00
2015.03.18 21:18:12.739,1.92648,1.92796,2.38,1.20
2015.03.18 21:18:13.250,1.92657,1.92796,1.67,1.20
2015.03.18 21:18:13.429,1.92657,1.92758,1.67,1.00
2015.03.18 21:18:13.538,1.92643,1.92758,2.11,1.00
2015.03.18 21:18:13.716,1.92643,1.92796,2.11,1.20
2015.03.18 21:18:13.867,1.92643,1.92755,1.77,1.00
2015.03.18 21:18:13.968,1.92643,1.92796,1.77,1.20
2015.03.18 21:18:14.069,1.92642,1.92796,1.38,1.20
2015.03.18 21:18:14.123,1.92642,1.9275,1.38,1.00
2015.03.18 21:18:15.373,1.92645,1.92747,1.59,1.00
2015.03.18 21:18:15.695,1.92645,1.92744,1.29,1.00
2015.03.18 21:18:16.009,1.92635,1.92742,1.60,1.00
2015.03.18 21:18:16.351,1.92645,1.92744,1.27,1.00
2015.03.18 21:18:16.549,1.92646,1.92744,1.00,1.00
2015.03.18 21:18:16.600,1.92646,1.92749,1.00,1.00
2015.03.18 21:18:16.650,1.92648,1.92749,1.12,1.00
2015.03.18 21:18:16.954,1.92649,1.92744,1.53,1.00
2015.03.18 21:18:17.004,1.92649,1.9275,1.53,1.00
2015.03.18 21:18:17.055,1.92646,1.9275,1.59,1.00
2015.03.18 21:18:17.105,1.92646,1.92744,1.59,1.00
2015.03.18 21:18:17.615,1.92645,1.92745,1.29,1.00
2015.03.18 21:18:18.176,1.92645,1.92748,1.29,1.00
2015.03.18 21:18:18.382,1.92645,1.92745,1.29,1.00
2015.03.18 21:18:18.982,1.92641,1.92746,1.16,1.00
2015.03.18 21:18:19.033,1.92641,1.92796,1.16,1.20
2015.03.18 21:18:19.194,1.92641,1.92746,1.16,1.00
2015.03.18 21:18:19.520,1.92648,1.92742,1.90,1.00
2015.03.18 21:18:20.032,1.92649,1.92796,1.24,1.20
2015.03.18 21:18:20.132,1.92649,1.92745,1.24,1.00
2015.03.18 21:18:20.648,1.92645,1.92746,1.24,1.00
2015.03.18 21:18:20.749,1.92646,1.92746,1.58,1.00
2015.03.18 21:18:21.249,1.92646,1.92796,1.66,1.20
2015.03.18 21:18:21.971,1.92645,1.92742,1.16,1.00
2015.03.18 21:18:22.238,1.92655,1.92748,1.00,1.00
2015.03.18 21:18:22.339,1.92645,1.92742,1.16,1.00
2015.03.18 21:18:22.586,1.92645,1.92796,1.16,1.20
2015.03.18 21:18:23.279,1.92646,1.9275,1.76,1.00
2015.03.18 21:18:23.653,1.92646,1.92743,1.76,1.00
2015.03.18 21:18:25.001,1.92636,1.9274,1.72,1.00
2015.03.18 21:18:25.258,1.92636,1.9274,1.91,1.00
2015.03.18 21:18:25.359,1.92646,1.92741,1.00,1.00
2015.03.18 21:18:25.934,1.92646,1.92742,1.00,1.00
2015.03.18 21:18:26.123,1.92636,1.92744,1.91,1.00
2015.03.18 21:18:26.228,1.92636,1.92741,1.91,1.00
2015.03.18 21:18:26.407,1.92636,1.9275,1.91,1.00
2015.03.18 21:18:26.508,1.92636,1.92742,1.91,1.00
2015.03.18 21:18:26.609,1.92636,1.92753,1.91,1.00
2015.03.18 21:18:26.710,1.92646,1.92746,1.00,1.00
2015.03.18 21:18:26.811,1.92636,1.92796,1.91,1.20
2015.03.18 21:18:27.219,1.92646,1.92747,1.00,1.00
2015.03.18 21:18:27.627,1.92636,1.92751,1.91,1.00
2015.03.18 21:18:27.728,1.9264,1.92754,1.90,1.00
2015.03.18 21:18:27.829,1.9264,1.92758,1.90,1.00
2015.03.18 21:18:28.048,1.92641,1.92796,1.01,1.20
2015.03.18 21:18:28.746,1.92638,1.92756,1.46,1.00
2015.03.18 21:18:29.877,1.92638,1.92757,1.16,1.00
2015.03.18 21:18:30.427,1.92637,1.92756,1.54,1.00
2015.03.18 21:18:30.863,1.92637,1.92754,1.54,1.00
2015.03.18 21:18:31.385,1.92637,1.92753,1.54,1.00
2015.03.18 21:18:31.691,1.92638,1.92757,1.50,1.00
2015.03.18 21:18:31.792,1.92637,1.92765,1.72,1.00
2015.03.18 21:18:31.996,1.92641,1.92769,1.37,1.00
2015.03.18 21:18:32.200,1.92637,1.92764,1.72,1.00
2015.03.18 21:18:32.534,1.92637,1.9276,1.94,1.00
2015.03.18 21:18:32.584,1.92637,1.92796,1.94,1.20
2015.03.18 21:18:33.165,1.92642,1.92796,2.01,1.20
2015.03.18 21:18:33.216,1.92643,1.92772,1.75,1.00
2015.03.18 21:18:33.494,1.92642,1.92773,2.60,1.00
2015.03.18 21:18:33.721,1.92646,1.92776,1.75,1.00
2015.03.18 21:18:34.735,1.92647,1.92775,1.75,1.00
2015.03.18 21:18:34.785,1.92651,1.92775,1.16,1.00
2015.03.18 21:18:35.483,1.92651,1.92774,1.16,1.00
2015.03.18 21:18:35.898,1.92645,1.9277,1.16,1.00
2015.03.18 21:18:36.304,1.92645,1.92767,1.16,1.00
2015.03.18 21:18:36.525,1.92646,1.9277,1.16,1.00
2015.03.18 21:18:36.658,1.92651,1.92771,1.00,1.00
2015.03.18 21:18:36.710,1.92651,1.92768,1.00,1.00
2015.03.18 21:18:37.091,1.92653,1.92769,1.45,1.00
2015.03.18 21:18:37.666,1.92653,1.92768,1.45,1.00
2015.03.18 21:18:38.255,1.92653,1.92769,1.45,1.00
2015.03.18 21:18:38.305,1.92643,1.9277,1.63,1.00
2015.03.18 21:18:38.356,1.92643,1.92802,1.63,1.20
2015.03.18 21:18:38.618,1.9265,1.92802,1.16,1.20
2015.03.18 21:18:39.424,1.92663,1.92786,1.42,1.00
2015.03.18 21:18:39.954,1.92663,1.92787,1.42,1.00
2015.03.18 21:18:40.260,1.92663,1.92785,1.42,1.00
2015.03.18 21:18:40.763,1.92663,1.92784,1.41,1.00
2015.03.18 21:18:41.912,1.92662,1.92784,1.37,1.00
2015.03.18 21:18:42.277,1.92662,1.92788,1.37,1.00
2015.03.18 21:18:42.927,1.92662,1.92784,1.37,1.00
2015.03.18 21:18:43.130,1.92656,1.92784,1.42,1.00
2015.03.18 21:18:43.181,1.92662,1.9279,1.37,1.00
2015.03.18 21:18:43.283,1.92657,1.92787,1.76,1.00
2015.03.18 21:18:44.276,1.92676,1.92787,1.47,1.00
2015.03.18 21:18:44.326,1.92682,1.92802,1.37,1.20
2015.03.18 21:18:44.565,1.92684,1.92802,1.00,1.20
2015.03.18 21:18:45.271,1.92683,1.92802,1.00,1.20
2015.03.18 21:18:45.488,1.92684,1.92802,1.37,1.20
2015.03.18 21:18:45.689,1.92686,1.92815,1.00,1.00
2015.03.18 21:18:45.740,1.92688,1.92817,1.00,1.10
2015.03.18 21:18:46.043,1.92692,1.92822,1.00,1.42
2015.03.18 21:18:46.362,1.92689,1.9282,1.00,1.15
2015.03.18 21:18:46.463,1.92676,1.92824,1.70,1.20
2015.03.18 21:18:46.564,1.92676,1.92806,2.71,1.00
2015.03.18 21:18:46.878,1.92694,1.92808,1.00,1.00
2015.03.18 21:18:47.213,1.92694,1.92804,1.00,1.00
2015.03.18 21:18:47.328,1.92694,1.92808,1.00,1.00
2015.03.18 21:18:47.570,1.92694,1.92805,1.00,1.00
2015.03.18 21:18:47.771,1.92798,1.92922,1.00,1.20
2015.03.18 21:18:47.873,1.92798,1.92915,1.00,1.00
2015.03.18 21:18:47.974,1.92798,1.92945,1.00,1.20
2015.03.18 21:18:50.378,1.92794,1.92942,1.00,1.52
2015.03.18 21:18:50.718,1.92794,1.92942,1.00,1.52
2015.03.18 21:18:51.702,1.92794,1.92942,1.00,1.52
2015.03.18 21:18:52.262,1.92794,1.9294,1.00,1.55
2015.03.18 21:18:52.552,1.92781,1.92941,1.05,1.52
2015.03.18 21:18:52.653,1.92776,1.9294,1.63,1.05
2015.03.18 21:18:52.963,1.92739,1.92854,1.00,1.20
2015.03.18 21:18:53.014,1.92689,1.92854,1.20,1.50
2015.03.18 21:18:53.064,1.92674,1.92854,1.35,1.50
2015.03.18 21:18:53.115,1.92668,1.9283,1.42,1.20
2015.03.18 21:18:53.165,1.927,1.92885,1.90,1.05
2015.03.18 21:18:53.969,1.92793,1.9293,1.00,1.50
2015.03.18 21:18:54.020,1.92793,1.9293,1.00,1.20
2015.03.18 21:18:54.986,1.92795,1.9293,1.00,1.87
2015.03.18 21:18:55.837,1.92772,1.9293,1.07,1.87
2015.03.18 21:18:55.888,1.92772,1.92928,1.07,1.05
2015.03.18 21:18:56.039,1.92767,1.92923,1.05,1.47
2015.03.18 21:18:56.090,1.92766,1.92923,1.45,1.97
2015.03.18 21:18:56.140,1.92766,1.92903,1.37,1.05
2015.03.18 21:18:56.191,1.92759,1.92903,1.00,1.05
2015.03.18 21:18:56.291,1.92723,1.92878,1.95,1.15
2015.03.18 21:18:56.589,1.9272,1.92882,1.05,1.20
2015.03.18 21:18:56.690,1.92716,1.92882,1.46,1.50
2015.03.18 21:18:57.212,1.92709,1.92847,1.09,1.00
2015.03.18 21:18:57.520,1.92709,1.92839,1.09,1.00
2015.03.18 21:18:58.827,1.92673,1.92822,1.20,1.00
2015.03.18 21:18:58.930,1.92673,1.92838,1.20,1.20
2015.03.18 21:18:59.089,1.92673,1.92813,1.20,1.00
2015.03.18 21:18:59.489,1.92673,1.9281,1.20,1.00
2015.03.18 21:18:59.800,1.92673,1.92818,1.20,1.00
2015.03.18 21:19:00.513,1.92673,1.92814,1.20,1.00
2015.03.18 21:19:00.615,1.92673,1.92838,1.20,1.20
2015.03.18 21:19:00.920,1.92673,1.92815,1.20,1.00
2015.03.18 21:19:01.566,1.92673,1.92813,1.20,1.00
2015.03.18 21:19:01.937,1.92674,1.92817,1.67,1.00
2015.03.18 21:19:02.040,1.92675,1.92814,1.42,1.00
2015.03.18 21:19:02.487,1.92674,1.92815,1.07,1.35
2015.03.18 21:19:02.538,1.92674,1.92815,1.00,1.95
2015.03.18 21:19:02.641,1.92656,1.92815,1.72,1.50
2015.03.18 21:19:02.691,1.92656,1.92815,1.65,1.50
2015.03.18 21:19:02.842,1.92631,1.92793,2.02,1.20
2015.03.18 21:19:03.307,1.92641,1.92789,1.76,1.15
2015.03.18 21:19:03.679,1.92641,1.92771,1.76,1.00
2015.03.18 21:19:03.780,1.9265,1.92793,1.42,1.20
2015.03.18 21:19:03.933,1.92631,1.92793,1.95,1.20
2015.03.18 21:19:03.984,1.92631,1.92772,1.95,1.00
2015.03.18 21:19:04.340,1.92656,1.92773,1.46,1.00
2015.03.18 21:19:05.102,1.92656,1.92772,1.46,1.00
2015.03.18 21:19:05.787,1.92656,1.92793,1.46,1.20
2015.03.18 21:19:06.431,1.92656,1.92777,1.09,1.00
2015.03.18 21:19:07.104,1.92656,1.92776,1.09,1.00
2015.03.18 21:19:07.619,1.92645,1.92776,2.00,1.00
2015.03.18 21:19:08.479,1.92655,1.92772,1.67,1.00
2015.03.18 21:19:08.529,1.92655,1.92774,1.67,1.00
2015.03.18 21:19:09.228,1.92655,1.92775,1.67,1.00
2015.03.18 21:19:10.541,1.92655,1.92776,1.67,1.00
2015.03.18 21:19:11.176,1.92655,1.92775,1.67,1.00
2015.03.18 21:19:11.654,1.92655,1.92777,1.67,1.00
2015.03.18 21:19:13.261,1.92652,1.92781,1.97,1.00
2015.03.18 21:19:13.767,1.92651,1.92782,1.97,1.00
2015.03.18 21:19:13.818,1.92666,1.92781,2.19,1.00
2015.03.18 21:19:14.025,1.92677,1.92801,1.05,1.00
2015.03.18 21:19:14.079,1.92677,1.92804,1.05,1.00
2015.03.18 21:19:14.130,1.92675,1.92804,1.00,1.00
2015.03.18 21:19:14.231,1.92656,1.92815,1.15,1.20
2015.03.18 21:19:14.384,1.9269,1.92815,1.00,1.20
2015.03.18 21:19:14.687,1.92686,1.92815,1.00,1.20
2015.03.18 21:19:15.697,1.92687,1.92815,1.00,1.95
2015.03.18 21:19:15.798,1.92684,1.92814,1.00,1.15
2015.03.18 21:19:16.406,1.92681,1.9281,1.00,1.20
2015.03.18 21:19:16.911,1.92682,1.92811,1.00,1.15
2015.03.18 21:19:17.013,1.92685,1.92815,1.00,1.95
2015.03.18 21:19:18.268,1.92686,1.92814,1.00,1.15
2015.03.18 21:19:18.429,1.92683,1.92812,1.00,1.15
2015.03.18 21:19:18.633,1.92677,1.92808,1.00,1.00
2015.03.18 21:19:18.936,1.92692,1.92815,1.00,1.20
2015.03.18 21:19:19.087,1.92687,1.92815,1.00,1.20
2015.03.18 21:19:19.139,1.92683,1.92811,1.00,1.15
2015.03.18 21:19:19.343,1.92652,1.92815,1.20,1.20
2015.03.18 21:19:20.508,1.92622,1.92815,1.50,1.20
2015.03.18 21:19:20.612,1.92622,1.92784,1.20,1.20
2015.03.18 21:19:20.713,1.92636,1.92767,1.00,1.00
2015.03.18 21:19:20.766,1.92622,1.92784,1.20,1.20
2015.03.18 21:19:21.007,1.92626,1.92755,1.15,1.00
2015.03.18 21:19:21.110,1.92622,1.92784,1.20,1.20
2015.03.18 21:19:21.540,1.9263,1.92759,1.00,1.00
2015.03.18 21:19:21.591,1.92622,1.92784,1.20,1.20
2015.03.18 21:19:21.823,1.92635,1.92764,1.00,1.00
2015.03.18 21:19:22.883,1.92632,1.92763,1.00,1.00
2015.03.18 21:19:23.093,1.92632,1.92763,1.00,1.60
2015.03.18 21:19:23.244,1.92628,1.92759,1.00,1.15
2015.03.18 21:19:23.350,1.92621,1.9275,1.00,1.00
2015.03.18 21:19:23.452,1.92629,1.9276,1.00,1.15
2015.03.18 21:19:23.606,1.926,1.92761,1.74,1.20
2015.03.18 21:19:23.754,1.92627,1.92756,1.00,1.20
2015.03.18 21:19:24.155,1.92633,1.92761,1.00,1.20
2015.03.18 21:19:24.212,1.92629,1.92758,1.00,1.15
2015.03.18 21:19:24.438,1.92626,1.92756,1.00,1.20
2015.03.18 21:19:24.539,1.92633,1.92761,1.00,1.95
2015.03.18 21:19:24.922,1.92629,1.92758,1.00,1.15
2015.03.18 21:19:25.157,1.92631,1.9276,1.00,1.15
2015.03.18 21:19:25.479,1.92635,1.92761,1.00,1.20
2015.03.18 21:19:26.038,1.92638,1.92761,1.00,1.20
2015.03.18 21:19:26.352,1.92641,1.9277,1.00,1.00
2015.03.18 21:19:26.460,1.92661,1.92791,1.00,1.60
2015.03.18 21:19:26.561,1.92645,1.92808,1.20,1.20
2015.03.18 21:19:26.662,1.9267,1.92833,1.20,1.05
2015.03.18 21:19:27.816,1.92681,1.92812,1.00,1.00
2015.03.18 21:19:28.168,1.92678,1.92806,1.00,1.00
2015.03.18 21:19:28.497,1.92678,1.92808,1.00,1.00
2015.03.18 21:19:28.598,1.92681,1.92811,1.00,1.00
2015.03.18 21:19:28.977,1.92675,1.92806,1.17,1.00
2015.03.18 21:19:29.293,1.92671,1.92802,1.67,1.00
2015.03.18 21:19:29.595,1.92678,1.92806,1.00,1.00
2015.03.18 21:19:30.266,1.92677,1.92807,1.10,1.00
2015.03.18 21:19:30.317,1.92673,1.92803,1.15,1.00
2015.03.18 21:19:30.821,1.9268,1.9281,1.00,1.00
2015.03.18 21:19:30.921,1.92673,1.92802,1.15,1.00
2015.03.18 21:19:31.022,1.92674,1.92805,1.15,1.00
2015.03.18 21:19:31.309,1.92678,1.92807,1.00,1.00
2015.03.18 21:19:31.824,1.92683,1.92811,1.00,1.00
2015.03.18 21:19:31.925,1.92677,1.92808,1.10,1.00
2015.03.18 21:19:32.463,1.92678,1.92807,1.00,1.00
2015.03.18 21:19:32.863,1.92675,1.92803,1.17,1.00
2015.03.18 21:19:33.775,1.92682,1.92811,1.00,1.00
2015.03.18 21:19:33.876,1.92674,1.92802,1.15,1.00
2015.03.18 21:19:34.414,1.9267,1.92801,1.95,1.00
2015.03.18 21:19:35.023,1.92671,1.928,1.67,1.00
2015.03.18 21:19:35.805,1.92679,1.9281,1.00,1.00
2015.03.18 21:19:35.906,1.92672,1.92801,1.42,1.00
2015.03.18 21:19:36.454,1.92671,1.92802,1.67,1.00
2015.03.18 21:19:37.313,1.9267,1.92835,1.20,1.20
2015.03.18 21:19:37.464,1.92649,1.92835,1.20,1.50
2015.03.18 21:19:37.514,1.92648,1.92811,1.20,1.20
2015.03.18 21:19:37.942,1.92626,1.92811,1.50,1.20
2015.03.18 21:19:38.258,1.9265,1.92778,1.00,1.00
2015.03.18 21:19:38.918,1.92652,1.92781,1.00,1.00
2015.03.18 21:19:39.425,1.92657,1.92788,1.00,1.15
2015.03.18 21:19:39.885,1.92659,1.92789,1.00,1.20
2015.03.18 21:19:40.387,1.9266,1.92789,1.00,1.95
2015.03.18 21:19:40.520,1.92657,1.92787,1.00,1.15
2015.03.18 21:19:42.154,1.9266,1.92789,1.00,1.95
2015.03.18 21:19:42.688,1.92663,1.92789,1.00,1.20
2015.03.18 21:19:42.981,1.92659,1.92789,1.00,1.95
2015.03.18 21:19:43.489,1.92656,1.92786,1.00,1.15
2015.03.18 21:19:43.997,1.92654,1.92783,1.00,1.00
2015.03.18 21:19:45.012,1.92653,1.92784,1.00,1.20
2015.03.18 21:19:45.928,1.92654,1.92783,1.00,1.00
2015.03.18 21:19:46.355,1.92653,1.92784,1.00,1.70
2015.03.18 21:19:46.406,1.92604,1.92768,1.05,1.20
2015.03.18 21:19:47.098,1.92603,1.92768,1.20,1.20
2015.03.18 21:19:47.209,1.92638,1.92766,1.00,1.15
2015.03.18 21:19:47.759,1.92637,1.92767,1.00,1.42
2015.03.18 21:19:47.918,1.92616,1.92768,1.00,1.20
2015.03.18 21:19:48.120,1.92614,1.92768,1.00,1.20
2015.03.18 21:19:48.413,1.92612,1.92768,1.00,1.20
2015.03.18 21:19:48.726,1.92615,1.92768,1.00,1.20
2015.03.18 21:19:49.079,1.92617,1.92768,1.00,1.20
2015.03.18 21:19:49.557,1.9261,1.92768,1.00,1.20
2015.03.18 21:19:50.069,1.92603,1.92768,1.95,1.20
2015.03.18 21:19:50.686,1.92602,1.92767,1.60,1.67
2015.03.18 21:19:50.737,1.92605,1.92742,1.00,1.20
2015.03.18 21:19:52.056,1.92609,1.92742,1.00,1.20
2015.03.18 21:19:52.258,1.92605,1.92742,1.00,1.20
2015.03.18 21:19:52.360,1.92607,1.92742,1.00,1.20
2015.03.18 21:19:52.771,1.92603,1.92742,1.00,1.20
2015.03.18 21:19:53.089,1.92599,1.92742,1.00,1.20
2015.03.18 21:19:53.271,1.92602,1.92742,1.00,1.20
2015.03.18 21:19:53.876,1.92601,1.92742,1.00,1.20
2015.03.18 21:19:54.212,1.92603,1.92742,1.00,1.50
2015.03.18 21:19:54.313,1.92595,1.9272,1.00,1.20
2015.03.18 21:19:54.485,1.92597,1.9272,1.00,1.20
2015.03.18 21:19:54.736,1.92558,1.9272,1.20,1.20
2015.03.18 21:19:55.092,1.92588,1.9272,1.00,1.20
2015.03.18 21:19:55.661,1.92589,1.9272,1.00,1.20
2015.03.18 21:19:56.011,1.92591,1.9272,1.00,1.20
2015.03.18 21:19:56.875,1.92593,1.9272,1.00,1.20
2015.03.18 21:19:57.245,1.92574,1.9272,1.00,1.20
2015.03.18 21:19:57.438,1.92571,1.9272,1.00,1.20
2015.03.18 21:19:57.755,1.92558,1.9272,1.20,1.20
2015.03.18 21:20:00.456,1.92569,1.9272,1.00,1.20
2015.03.18 21:20:00.654,1.92562,1.9272,1.15,1.20
2015.03.18 21:20:01.006,1.92535,1.927,1.20,1.20
2015.03.18 21:20:01.364,1.92553,1.927,1.00,1.20
2015.03.18 21:20:01.516,1.9255,1.927,1.00,1.20
2015.03.18 21:20:01.568,1.92543,1.927,1.00,1.20
2015.03.18 21:20:02.076,1.92535,1.92697,1.20,1.15
2015.03.18 21:20:04.192,1.92537,1.92677,1.00,1.20
2015.03.18 21:20:04.710,1.92533,1.92677,1.00,1.20
2015.03.18 21:20:05.202,1.92538,1.92677,1.00,1.20
2015.03.18 21:20:05.519,1.9254,1.92677,1.00,1.20
2015.03.18 21:20:06.864,1.92541,1.92677,1.00,1.20
2015.03.18 21:20:07.246,1.92544,1.92677,1.00,1.20
2015.03.18 21:20:08.466,1.92546,1.92677,1.00,1.95
2015.03.18 21:20:09.173,1.92545,1.92677,1.00,1.20
2015.03.18 21:20:10.490,1.92546,1.92677,1.00,1.95
2015.03.18 21:20:11.714,1.92547,1.92676,1.00,1.67
2015.03.18 21:20:12.296,1.92546,1.92677,1.00,1.95
2015.03.18 21:20:12.716,1.92559,1.92687,1.00,1.60
2015.03.18 21:20:12.767,1.92559,1.92687,1.00,1.00
2015.03.18 21:20:12.817,1.92561,1.92689,1.00,1.00
2015.03.18 21:20:12.934,1.92563,1.92692,1.00,1.10
2015.03.18 21:20:13.580,1.92564,1.92693,1.00,1.17
2015.03.18 21:20:14.147,1.92565,1.92692,1.00,1.10
2015.03.18 21:20:14.406,1.92567,1.92698,1.00,1.95
2015.03.18 21:20:14.545,1.92565,1.92694,1.00,1.15
2015.03.18 21:20:14.596,1.92565,1.92694,1.00,1.67
2015.03.18 21:20:14.751,1.92514,1.92676,1.05,1.20
2015.03.18 21:20:15.014,1.92516,1.92676,1.15,1.20
2015.03.18 21:20:15.082,1.92514,1.92676,1.05,1.20
2015.03.18 21:20:15.306,1.92515,1.92676,1.15,1.20
2015.03.18 21:20:15.457,1.92563,1.92676,1.00,1.20
2015.03.18 21:20:15.752,1.92561,1.92676,1.00,1.20
2015.03.18 21:20:15.928,1.92558,1.92676,1.00,1.20
2015.03.18 21:20:16.028,1.92513,1.92676,1.20,1.20
2015.03.18 21:20:16.755,1.92558,1.92676,1.00,1.20
2015.03.18 21:20:17.444,1.92559,1.92676,1.00,1.20
2015.03.18 21:20:17.654,1.92555,1.92676,1.00,1.20
2015.03.18 21:20:17.761,1.92541,1.92672,1.00,1.15
2015.03.18 21:20:19.198,1.92542,1.92671,1.00,1.17
2015.03.18 21:20:19.469,1.92538,1.92668,1.00,1.00
2015.03.18 21:20:21.359,1.92541,1.92671,1.00,1.17
2015.03.18 21:20:22.185,1.92537,1.92666,1.00,1.00
2015.03.18 21:20:22.397,1.92531,1.92662,1.00,1.00
2015.03.18 21:20:22.490,1.92527,1.92655,1.00,1.00
2015.03.18 21:20:22.998,1.92513,1.92676,1.20,1.20
2015.03.18 21:20:25.116,1.92534,1.92663,1.00,1.00
2015.03.18 21:20:26.219,1.9252,1.92651,1.00,1.15
2015.03.18 21:20:26.546,1.92519,1.92647,1.00,1.00
2015.03.18 21:20:26.733,1.9252,1.92651,1.00,1.15
2015.03.18 21:20:28.484,1.92521,1.9265,1.00,1.15
2015.03.18 21:20:28.654,1.92517,1.92648,1.00,1.00
2015.03.18 21:20:28.958,1.92521,1.92651,1.00,1.15
2015.03.18 21:20:29.287,1.92519,1.92648,1.00,1.00
2015.03.18 21:20:29.665,1.92524,1.92652,1.00,1.15
2015.03.18 21:20:29.987,1.92516,1.92647,1.00,1.00
2015.03.18 21:20:30.070,1.92514,1.92644,1.00,1.00
2015.03.18 21:20:30.375,1.92511,1.92642,1.37,1.00
2015.03.18 21:20:30.927,1.92512,1.92641,1.12,1.00
2015.03.18 21:20:31.229,1.92525,1.92649,1.64,1.20
2015.03.18 21:20:31.816,1.92525,1.92648,1.64,1.00
2015.03.18 21:20:33.059,1.92518,1.92648,1.37,1.00
2015.03.18 21:20:33.109,1.92517,1.92646,1.37,1.00
2015.03.18 21:20:33.670,1.92516,1.92645,1.37,1.00
2015.03.18 21:20:34.011,1.92522,1.92646,1.53,1.00
2015.03.18 21:20:34.527,1.92522,1.92645,1.53,1.00
2015.03.18 21:20:35.795,1.92522,1.92646,1.53,1.00
2015.03.18 21:20:35.851,1.92522,1.92648,1.53,1.00
2015.03.18 21:20:36.460,1.92522,1.92647,1.06,1.00
2015.03.18 21:20:36.647,1.92522,1.92649,1.06,1.20
2015.03.18 21:20:37.042,1.92522,1.92647,1.06,1.00
2015.03.18 21:20:37.674,1.92523,1.92653,1.00,1.00
2015.03.18 21:20:37.780,1.92531,1.92662,1.00,1.00
2015.03.18 21:20:37.881,1.92532,1.92659,1.00,1.00
2015.03.18 21:20:37.983,1.92515,1.92677,1.20,1.20
2015.03.18 21:20:38.084,1.92545,1.92674,1.00,1.15
2015.03.18 21:20:38.997,1.92544,1.92675,1.00,1.15
2015.03.18 21:20:39.621,1.92545,1.92674,1.00,1.15
2015.03.18 21:20:39.721,1.92542,1.9267,1.00,1.00
2015.03.18 21:20:40.662,1.92542,1.92656,1.00,1.20
2015.03.18 21:20:40.713,1.92491,1.92656,1.20,1.20
2015.03.18 21:20:41.706,1.92521,1.92651,1.00,1.17
2015.03.18 21:20:42.557,1.92522,1.9265,1.00,1.07
2015.03.18 21:20:43.158,1.92521,1.92651,1.00,1.17
2015.03.18 21:20:43.670,1.92522,1.9265,1.00,1.07
2015.03.18 21:20:44.296,1.92521,1.92651,1.00,1.17
2015.03.18 21:20:46.657,1.92522,1.9265,1.00,1.07
2015.03.18 21:20:48.307,1.92521,1.92651,1.00,1.17
2015.03.18 21:20:48.769,1.92525,1.92653,1.00,1.15
2015.03.18 21:20:49.378,1.92526,1.92656,1.00,1.20
2015.03.18 21:20:50.287,1.92491,1.92656,1.20,1.20
2015.03.18 21:20:50.337,1.92539,1.92656,1.00,1.20
2015.03.18 21:20:50.505,1.92536,1.92656,1.00,1.20
2015.03.18 21:20:50.694,1.92491,1.92656,1.20,1.20
2015.03.18 21:20:51.716,1.92534,1.92656,1.00,1.20
2015.03.18 21:20:52.037,1.92538,1.92656,1.00,1.20
2015.03.18 21:20:52.412,1.92532,1.92656,1.00,1.20
2015.03.18 21:20:52.511,1.92534,1.92656,1.00,1.20
2015.03.18 21:20:56.183,1.92533,1.92656,1.00,1.20
2015.03.18 21:20:56.494,1.92536,1.92656,1.00,1.20
2015.03.18 21:20:56.790,1.92524,1.92656,1.00,1.20
2015.03.18 21:20:56.977,1.92523,1.9268,1.00,1.20
2015.03.18 21:20:57.028,1.92554,1.9268,1.00,1.20
2015.03.18 21:20:57.129,1.92551,1.92679,1.00,1.42
2015.03.18 21:20:57.195,1.92516,1.9268,1.20,1.20
2015.03.18 21:20:57.427,1.92564,1.9268,1.00,1.20
2015.03.18 21:20:57.528,1.92541,1.92671,1.00,1.00
2015.03.18 21:20:57.729,1.92516,1.9268,1.20,1.20
2015.03.18 21:20:57.936,1.92562,1.9268,1.00,1.20
2015.03.18 21:20:58.411,1.92549,1.92678,1.00,1.15
2015.03.18 21:20:58.918,1.92551,1.9268,1.00,1.20
2015.03.18 21:20:59.421,1.92552,1.9268,1.00,1.20
2015.03.18 21:20:59.749,1.92554,1.9268,1.00,1.20
2015.03.18 21:21:00.291,1.92556,1.9268,1.00,1.20
2015.03.18 21:21:00.679,1.92553,1.9268,1.00,1.20
2015.03.18 21:21:01.556,1.92555,1.9268,1.00,1.20
2015.03.18 21:21:02.652,1.92558,1.9268,1.00,1.20
2015.03.18 21:21:03.262,1.92559,1.9268,1.00,1.20
2015.03.18 21:21:03.462,1.92551,1.9268,1.00,1.20
2015.03.18 21:21:03.664,1.92568,1.9268,1.00,1.20
2015.03.18 21:21:04.564,1.92576,1.9268,0.75,1.20
2015.03.18 21:21:04.879,1.92578,1.9268,0.75,1.20
2015.03.18 21:21:05.217,1.92582,1.9268,0.75,1.20
2015.03.18 21:21:05.547,1.92584,1.9268,0.75,1.20
2015.03.18 21:21:05.598,1.92581,1.9268,0.75,1.20
2015.03.18 21:21:05.691,1.92516,1.9268,1.20,1.20
2015.03.18 21:21:05.928,1.92582,1.9268,0.75,1.20
2015.03.18 21:21:06.701,1.92581,1.9268,0.75,1.20
2015.03.18 21:21:07.005,1.92589,1.9268,0.75,1.20
2015.03.18 21:21:07.448,1.92593,1.9268,0.75,1.20
2015.03.18 21:21:07.549,1.92516,1.92674,1.20,1.92
2015.03.18 21:21:07.726,1.92594,1.92675,0.75,1.60
2015.03.18 21:21:07.816,1.92516,1.92675,1.20,1.60
2015.03.18 21:21:09.343,1.92585,1.92675,0.75,1.60
2015.03.18 21:21:11.183,1.92586,1.92675,0.75,1.97
2015.03.18 21:21:12.507,1.92582,1.92674,0.75,1.03
2015.03.18 21:21:12.616,1.92582,1.9268,0.75,1.20
2015.03.18 21:21:12.717,1.92572,1.9268,1.00,1.20
2015.03.18 21:21:12.774,1.9257,1.9268,1.00,1.20
2015.03.18 21:21:13.096,1.9257,1.92679,1.00,1.42
2015.03.18 21:21:13.197,1.92516,1.92679,1.20,1.57
2015.03.18 21:21:14.011,1.92569,1.92679,1.00,1.57
2015.03.18 21:21:14.522,1.9257,1.92679,1.00,1.57
2015.03.18 21:21:14.901,1.92576,1.92679,0.75,1.57
2015.03.18 21:21:16.050,1.92575,1.92679,0.75,1.57
2015.03.18 21:21:16.558,1.92576,1.92679,0.75,1.57
2015.03.18 21:21:17.066,1.92575,1.92679,0.75,1.57
2015.03.18 21:21:17.573,1.92576,1.92679,0.75,1.05
2015.03.18 21:21:17.673,1.92572,1.92679,1.00,1.05
2015.03.18 21:21:19.035,1.92588,1.92679,0.75,1.05
2015.03.18 21:21:20.465,1.92589,1.92679,0.75,1.05
2015.03.18 21:21:21.520,1.92579,1.92681,1.00,1.50
2015.03.18 21:21:21.620,1.92586,1.92715,1.00,1.95
2015.03.18 21:21:21.721,1.92594,1.92715,1.00,1.20
2015.03.18 21:21:21.903,1.92552,1.92735,1.20,1.20
2015.03.18 21:21:21.955,1.92573,1.92737,1.20,1.50
2015.03.18 21:21:22.221,1.92573,1.92759,1.50,1.20
2015.03.18 21:21:22.272,1.92596,1.9276,1.20,1.20
2015.03.18 21:21:22.322,1.92629,1.92759,1.00,1.42
2015.03.18 21:21:22.625,1.92666,1.9276,0.75,1.20
2015.03.18 21:21:22.937,1.9267,1.9276,0.75,1.20
2015.03.18 21:21:23.859,1.92668,1.9276,0.75,1.20
2015.03.18 21:21:24.135,1.92661,1.9276,0.75,1.20
2015.03.18 21:21:24.742,1.92662,1.9276,0.75,1.20
2015.03.18 21:21:25.386,1.92661,1.9276,0.75,1.20
2015.03.18 21:21:25.891,1.92662,1.9276,0.75,1.20
2015.03.18 21:21:26.641,1.92658,1.9276,0.75,1.20
2015.03.18 21:21:26.944,1.92654,1.9276,1.00,1.20
2015.03.18 21:21:27.953,1.92655,1.9276,0.75,1.20
2015.03.18 21:21:28.087,1.92657,1.9276,0.75,1.20
2015.03.18 21:21:28.288,1.92645,1.9276,1.00,1.20
2015.03.18 21:21:28.359,1.92659,1.9276,0.75,1.20
2015.03.18 21:21:28.862,1.9266,1.9276,0.75,1.20
2015.03.18 21:21:29.013,1.9266,1.92786,1.00,1.20
2015.03.18 21:21:29.672,1.92661,1.92786,1.00,1.20
2015.03.18 21:21:30.215,1.92658,1.92786,1.00,1.20
2015.03.18 21:21:30.984,1.92657,1.92786,1.00,1.20
2015.03.18 21:21:31.187,1.9266,1.92786,1.00,1.20
