2014.04.16 20:00:00.034,1.79176,1.79195,1.00,1.00
2014.04.16 20:00:02.943,1.79176,1.79195,1.00,1.19
2014.04.16 20:00:03.297,1.79173,1.79192,1.50,1.00
2014.04.16 20:00:03.448,1.79173,1.79192,2.89,1.00
2014.04.16 20:00:03.650,1.79176,1.79195,1.00,1.00
2014.04.16 20:00:03.880,1.79176,1.79195,1.47,1.00
2014.04.16 20:00:04.289,1.79178,1.79197,1.57,1.00
2014.04.16 20:00:04.959,1.79178,1.79197,1.63,1.00
2014.04.16 20:00:05.009,1.79178,1.79197,1.63,1.00
2014.04.16 20:00:05.111,1.79178,1.79197,1.63,1.00
2014.04.16 20:00:05.212,1.79178,1.79197,1.38,1.00
2014.04.16 20:00:05.262,1.79182,1.79201,1.13,1.00
2014.04.16 20:00:05.516,1.79182,1.79201,1.15,1.00
2014.04.16 20:00:05.719,1.79182,1.79201,1.00,1.00
2014.04.16 20:00:10.839,1.79183,1.79201,1.00,1.00
2014.04.16 20:00:10.941,1.79185,1.79201,1.48,1.00
2014.04.16 20:00:10.992,1.79187,1.79206,1.38,1.00
2014.04.16 20:00:11.093,1.79194,1.79213,1.00,1.00
2014.04.16 20:00:11.194,1.79194,1.79213,1.00,1.27
2014.04.16 20:00:11.969,1.79191,1.7921,1.00,2.14
2014.04.16 20:00:12.122,1.79187,1.79206,1.00,1.00
2014.04.16 20:00:13.061,1.79183,1.79202,1.00,1.00
2014.04.16 20:00:13.380,1.79185,1.79202,1.10,1.00
2014.04.16 20:00:13.633,1.79187,1.79206,1.00,1.00
2014.04.16 20:00:15.064,1.79185,1.79204,1.00,1.00
2014.04.16 20:00:17.148,1.79185,1.79204,1.00,1.38
2014.04.16 20:00:17.249,1.79183,1.79202,1.00,1.10
2014.04.16 20:00:17.401,1.7918,1.79199,1.00,1.13
2014.04.16 20:00:17.707,1.7918,1.79197,1.00,1.20
2014.04.16 20:00:18.014,1.7918,1.79195,1.00,1.10
2014.04.16 20:00:18.225,1.7918,1.79197,1.00,1.20
2014.04.16 20:00:18.377,1.79174,1.79193,1.00,1.00
2014.04.16 20:00:23.913,1.79174,1.79193,1.00,1.08
2014.04.16 20:00:24.267,1.79174,1.79193,1.00,1.83
2014.04.16 20:00:24.317,1.79172,1.79191,1.00,1.58
2014.04.16 20:00:24.418,1.79169,1.79188,1.00,1.18
2014.04.16 20:00:24.884,1.79169,1.79188,2.40,1.00
2014.04.16 20:00:24.985,1.79176,1.79195,1.00,1.00
2014.04.16 20:00:25.137,1.79176,1.79191,1.00,1.10
2014.04.16 20:00:25.439,1.79177,1.79196,1.00,1.34
2014.04.16 20:00:25.641,1.79177,1.79196,1.00,1.27
2014.04.16 20:00:26.152,1.79177,1.79196,1.00,1.00
2014.04.16 20:00:30.670,1.79177,1.79196,1.88,1.00
2014.04.16 20:00:30.950,1.79181,1.792,1.10,1.00
2014.04.16 20:00:31.456,1.79181,1.792,1.38,1.00
2014.04.16 20:00:31.658,1.79181,1.792,1.48,1.00
2014.04.16 20:00:39.161,1.79182,1.79201,1.38,1.00
2014.04.16 20:00:40.141,1.79184,1.79203,1.13,1.00
2014.04.16 20:00:41.209,1.79184,1.79203,1.32,1.00
2014.04.16 20:00:43.709,1.79184,1.79203,2.07,1.00
2014.04.16 20:00:43.881,1.79186,1.79205,1.19,1.00
2014.04.16 20:00:46.509,1.79186,1.79205,1.25,1.00
2014.04.16 20:00:55.427,1.79186,1.79204,1.00,1.10
2014.04.16 20:00:55.940,1.79186,1.79203,1.00,1.10
2014.04.16 20:01:30.296,1.79186,1.79203,1.19,1.10
2014.04.16 20:01:30.945,1.79186,1.79204,1.00,1.10
2014.04.16 20:01:31.915,1.79186,1.79204,1.00,1.18
2014.04.16 20:01:32.218,1.79183,1.79202,1.00,1.18
2014.04.16 20:01:34.068,1.79183,1.79202,1.00,1.10
2014.04.16 20:01:55.869,1.79183,1.79202,1.19,1.00
2014.04.16 20:01:57.414,1.79183,1.79202,1.00,1.00
2014.04.16 20:02:02.334,1.79185,1.79204,1.00,1.00
2014.04.16 20:02:04.409,1.79187,1.79206,1.00,1.58
2014.04.16 20:02:05.906,1.79187,1.79205,1.00,1.10
2014.04.16 20:02:35.204,1.79187,1.79206,1.25,1.58
2014.04.16 20:02:46.085,1.79188,1.79206,1.38,1.00
2014.04.16 20:02:46.237,1.79189,1.79208,1.57,1.00
2014.04.16 20:02:46.490,1.79191,1.7921,1.25,1.00
2014.04.16 20:02:46.718,1.79191,1.7921,1.19,1.00
2014.04.16 20:02:51.434,1.79191,1.7921,1.19,1.00
2014.04.16 20:02:52.498,1.79191,1.7921,1.19,1.00
2014.04.16 20:02:57.012,1.79191,1.7921,1.19,1.00
2014.04.16 20:03:01.367,1.79191,1.7921,1.19,1.00
2014.04.16 20:03:02.347,1.79191,1.7921,1.19,1.00
2014.04.16 20:03:03.390,1.79194,1.79213,1.25,1.00
2014.04.16 20:03:03.499,1.79197,1.79216,1.00,1.58
2014.04.16 20:03:04.599,1.79199,1.79216,1.00,1.10
2014.04.16 20:03:15.752,1.79201,1.79216,1.00,1.10
2014.04.16 20:04:04.937,1.79201,1.79211,1.00,1.10
2014.04.16 20:04:07.964,1.79201,1.79212,1.00,1.10
2014.04.16 20:04:16.374,1.79191,1.79212,1.19,1.10
2014.04.16 20:04:18.345,1.79191,1.79212,1.25,1.10
2014.04.16 20:04:19.717,1.79191,1.79212,1.19,1.10
2014.04.16 20:04:20.864,1.79191,1.79212,1.25,1.10
2014.04.16 20:04:21.853,1.79191,1.79212,1.19,1.10
2014.04.16 20:04:22.975,1.79198,1.79212,1.00,1.10
2014.04.16 20:04:25.156,1.79198,1.79211,1.00,1.10
2014.04.16 20:04:59.205,1.79198,1.79217,1.00,1.65
2014.04.16 20:04:59.844,1.79198,1.79214,1.00,1.10
2014.04.16 20:05:00.223,1.79198,1.79207,1.00,1.10
2014.04.16 20:05:00.832,1.79198,1.79206,1.00,1.10
2014.04.16 20:05:01.138,1.79196,1.79206,1.00,1.10
2014.04.16 20:05:01.398,1.79194,1.79206,1.00,1.10
2014.04.16 20:05:04.244,1.79194,1.79208,1.00,1.10
2014.04.16 20:05:05.124,1.79194,1.7921,1.00,1.02
2014.04.16 20:05:05.710,1.79194,1.7921,1.00,1.29
2014.04.16 20:05:06.928,1.79194,1.79211,1.00,1.29
2014.04.16 20:05:09.299,1.79194,1.79211,1.00,1.02
2014.04.16 20:05:13.916,1.79194,1.79211,1.00,1.29
2014.04.16 20:05:15.018,1.79194,1.79211,1.00,1.29
2014.04.16 20:05:19.631,1.79194,1.79213,1.00,1.67
2014.04.16 20:05:21.839,1.79194,1.79211,1.00,1.29
2014.04.16 20:05:25.993,1.79194,1.79211,1.00,1.29
2014.04.16 20:05:27.003,1.79194,1.79211,1.00,1.29
2014.04.16 20:05:31.369,1.79194,1.79211,1.00,1.29
2014.04.16 20:05:35.219,1.79194,1.79211,1.00,1.29
2014.04.16 20:05:38.438,1.79194,1.79211,1.00,1.29
2014.04.16 20:05:40.438,1.79194,1.79211,1.00,1.29
2014.04.16 20:05:42.064,1.79194,1.79211,1.00,1.29
2014.04.16 20:05:45.681,1.79194,1.79211,1.00,1.29
2014.04.16 20:05:56.672,1.79194,1.79211,1.00,1.29
2014.04.16 20:05:59.081,1.79194,1.79211,1.00,1.29
2014.04.16 20:06:00.407,1.79194,1.79213,1.00,2.89
2014.04.16 20:06:01.426,1.79184,1.79213,1.40,2.14
2014.04.16 20:06:01.946,1.79184,1.79213,1.34,1.39
2014.04.16 20:06:08.643,1.79178,1.79208,1.80,1.28
2014.04.16 20:06:08.946,1.79187,1.79205,1.10,1.50
2014.04.16 20:06:09.258,1.7919,1.79205,1.50,1.00
2014.04.16 20:06:09.673,1.79194,1.79213,1.18,1.00
2014.04.16 20:06:10.000,1.79197,1.79216,1.00,1.00
2014.04.16 20:06:15.703,1.79197,1.79216,1.00,1.63
2014.04.16 20:06:21.772,1.79197,1.79216,1.00,1.57
2014.04.16 20:06:23.178,1.79197,1.79216,1.00,1.57
2014.04.16 20:06:24.986,1.79197,1.79216,1.00,1.57
2014.04.16 20:06:25.310,1.79197,1.79216,1.00,1.67
2014.04.16 20:06:26.900,1.79197,1.79216,1.00,1.77
2014.04.16 20:06:27.103,1.79197,1.79216,1.18,1.00
2014.04.16 20:06:27.161,1.79197,1.79216,2.40,1.00
2014.04.16 20:06:27.386,1.79202,1.79221,1.10,1.00
2014.04.16 20:06:28.417,1.79206,1.79225,1.00,1.00
2014.04.16 20:06:32.037,1.79206,1.79225,1.00,1.19
2014.04.16 20:06:33.046,1.79206,1.79225,1.00,1.19
2014.04.16 20:06:37.276,1.79206,1.79225,1.00,1.19
2014.04.16 20:06:39.142,1.79206,1.79225,1.00,1.19
2014.04.16 20:06:46.402,1.79206,1.79225,1.00,1.19
2014.04.16 20:06:48.378,1.79206,1.79225,1.00,1.19
2014.04.16 20:06:48.713,1.79208,1.79227,1.00,1.69
2014.04.16 20:06:50.674,1.79208,1.79227,1.00,1.19
2014.04.16 20:06:52.894,1.79208,1.79227,1.00,1.69
2014.04.16 20:06:55.028,1.79208,1.79227,1.00,1.19
2014.04.16 20:06:57.431,1.79208,1.79227,1.00,1.19
2014.04.16 20:07:01.462,1.79208,1.79227,1.00,1.19
2014.04.16 20:07:02.555,1.79208,1.79227,1.00,1.19
2014.04.16 20:07:03.484,1.79208,1.79227,1.00,1.69
2014.04.16 20:07:03.773,1.79208,1.79227,1.25,1.00
2014.04.16 20:07:04.025,1.7921,1.79229,1.00,1.19
2014.04.16 20:07:04.277,1.79212,1.79231,1.00,1.00
2014.04.16 20:07:04.483,1.79216,1.79231,1.20,1.00
2014.04.16 20:07:04.584,1.79219,1.79238,1.55,1.00
2014.04.16 20:07:04.634,1.79232,1.79238,1.10,1.00
2014.04.16 20:07:05.139,1.79233,1.79252,1.00,1.00
2014.04.16 20:07:06.138,1.79236,1.79255,1.00,1.10
2014.04.16 20:07:07.113,1.79238,1.79257,1.00,1.15
2014.04.16 20:07:08.527,1.79236,1.79255,1.00,1.10
2014.04.16 20:07:11.959,1.79238,1.79257,1.00,1.00
2014.04.16 20:07:12.957,1.79238,1.79257,1.38,1.00
2014.04.16 20:07:13.260,1.79261,1.79274,1.00,1.00
2014.04.16 20:07:13.571,1.79266,1.79288,1.65,1.00
2014.04.16 20:07:13.622,1.79266,1.79278,1.65,1.00
2014.04.16 20:07:13.673,1.79272,1.79278,1.10,1.00
2014.04.16 20:07:14.184,1.79272,1.79284,1.10,1.00
2014.04.16 20:07:14.436,1.79265,1.79284,1.00,1.00
2014.04.16 20:07:14.689,1.79263,1.79282,1.00,1.00
2014.04.16 20:07:15.240,1.7926,1.79279,1.00,1.10
2014.04.16 20:07:15.705,1.79257,1.79276,1.00,1.00
2014.04.16 20:07:16.227,1.79254,1.79273,1.00,1.00
2014.04.16 20:07:16.596,1.79251,1.7927,1.00,1.00
2014.04.16 20:07:17.219,1.79246,1.79265,1.00,1.38
2014.04.16 20:07:17.371,1.79242,1.79261,1.00,1.00
2014.04.16 20:07:17.580,1.79238,1.79256,1.00,1.00
2014.04.16 20:07:18.439,1.79235,1.79254,1.00,1.00
2014.04.16 20:07:19.446,1.79234,1.79252,1.58,1.00
2014.04.16 20:07:20.302,1.79234,1.79251,1.10,1.00
2014.04.16 20:07:21.666,1.79234,1.79251,1.29,1.00
2014.04.16 20:07:22.199,1.79234,1.79253,2.14,1.00
2014.04.16 20:07:22.249,1.79234,1.79253,2.89,1.00
2014.04.16 20:07:22.430,1.79234,1.79253,1.77,1.00
2014.04.16 20:07:22.734,1.79234,1.79251,1.29,1.00
2014.04.16 20:07:23.460,1.79234,1.79251,2.14,1.00
2014.04.16 20:07:23.662,1.79234,1.79251,1.29,1.00
2014.04.16 20:07:24.579,1.79234,1.79251,1.29,1.00
2014.04.16 20:07:28.621,1.79234,1.79251,1.39,1.00
2014.04.16 20:07:34.112,1.79234,1.79251,1.39,1.00
2014.04.16 20:07:36.237,1.79234,1.79251,1.39,1.00
2014.04.16 20:07:44.144,1.79234,1.79251,1.29,1.00
2014.04.16 20:07:45.559,1.79234,1.79251,1.29,1.00
2014.04.16 20:07:49.058,1.79234,1.79251,1.29,1.00
2014.04.16 20:07:50.904,1.79234,1.79251,1.29,1.00
2014.04.16 20:07:51.875,1.79234,1.79251,1.29,1.00
2014.04.16 20:07:52.184,1.79234,1.79251,1.10,1.00
2014.04.16 20:07:57.648,1.79234,1.79251,1.29,1.00
2014.04.16 20:07:59.155,1.79242,1.79251,1.10,1.00
2014.04.16 20:07:59.458,1.79266,1.79272,1.52,1.00
2014.04.16 20:07:59.711,1.79268,1.79292,1.02,1.19
2014.04.16 20:07:59.762,1.79261,1.79292,1.58,1.57
2014.04.16 20:07:59.863,1.79261,1.79292,1.18,1.74
2014.04.16 20:08:00.371,1.79257,1.79287,1.50,1.32
2014.04.16 20:08:00.472,1.79259,1.79278,1.15,1.00
2014.04.16 20:08:00.624,1.79259,1.79278,1.00,1.00
2014.04.16 20:08:01.028,1.79257,1.79276,1.00,1.00
2014.04.16 20:08:01.544,1.79257,1.79276,1.00,1.19
2014.04.16 20:08:01.657,1.79255,1.79274,1.00,1.00
2014.04.16 20:08:01.986,1.79253,1.79272,1.00,1.00
2014.04.16 20:08:02.866,1.79249,1.79268,1.18,1.00
2014.04.16 20:08:03.568,1.79249,1.79268,1.00,1.00
2014.04.16 20:08:03.871,1.79248,1.79266,1.13,1.00
2014.04.16 20:08:10.930,1.79246,1.79265,1.63,1.00
2014.04.16 20:08:13.426,1.79245,1.79263,1.67,1.00
2014.04.16 20:08:14.263,1.79245,1.79263,1.29,1.00
2014.04.16 20:08:14.516,1.79245,1.79263,1.10,1.10
2014.04.16 20:08:14.667,1.79245,1.79258,1.10,1.00
2014.04.16 20:08:15.626,1.79245,1.79255,1.10,1.00
2014.04.16 20:08:15.990,1.79243,1.79255,1.10,1.00
2014.04.16 20:08:17.959,1.79238,1.79255,1.10,1.00
2014.04.16 20:08:18.183,1.79238,1.79253,1.10,1.00
2014.04.16 20:08:18.502,1.79237,1.7925,1.10,1.00
2014.04.16 20:08:20.110,1.79233,1.7925,1.47,1.00
2014.04.16 20:08:20.440,1.79237,1.7925,1.10,1.00
2014.04.16 20:08:21.870,1.79238,1.7925,1.10,1.00
2014.04.16 20:08:22.029,1.79238,1.79252,1.10,1.00
2014.04.16 20:08:22.886,1.79238,1.7925,1.10,1.00
2014.04.16 20:08:29.268,1.79238,1.79249,1.10,1.00
2014.04.16 20:08:29.369,1.79234,1.79249,1.10,1.00
2014.04.16 20:08:29.471,1.79232,1.79249,1.10,1.00
2014.04.16 20:08:29.521,1.79232,1.79247,1.10,1.00
2014.04.16 20:08:29.712,1.7923,1.79247,1.10,1.00
2014.04.16 20:08:30.229,1.79229,1.79247,1.10,1.00
2014.04.16 20:08:30.381,1.79229,1.79244,1.10,1.00
2014.04.16 20:08:30.890,1.79228,1.79244,1.10,1.00
2014.04.16 20:08:42.090,1.79228,1.79244,1.10,1.38
2014.04.16 20:08:42.191,1.79226,1.79244,1.00,1.00
2014.04.16 20:08:42.437,1.79224,1.7924,1.02,1.00
2014.04.16 20:08:42.978,1.79228,1.7924,1.10,1.00
2014.04.16 20:08:44.087,1.79228,1.79239,1.10,1.00
2014.04.16 20:08:48.910,1.79228,1.79239,1.29,1.00
2014.04.16 20:08:51.716,1.79224,1.79239,1.19,1.00
2014.04.16 20:08:51.818,1.79222,1.79237,1.19,1.00
2014.04.16 20:08:52.996,1.79219,1.79237,2.89,1.00
2014.04.16 20:08:53.940,1.7922,1.79237,1.39,1.00
2014.04.16 20:08:55.445,1.79223,1.79237,1.10,1.00
2014.04.16 20:08:56.663,1.79227,1.79237,1.10,1.00
2014.04.16 20:09:00.572,1.79227,1.79237,1.29,1.00
2014.04.16 20:09:02.734,1.79227,1.79237,1.10,1.00
2014.04.16 20:09:07.005,1.79227,1.79239,1.10,1.00
2014.04.16 20:09:09.371,1.79227,1.79239,1.29,1.00
2014.04.16 20:09:10.402,1.79227,1.79239,1.02,1.00
2014.04.16 20:09:13.910,1.79226,1.79239,1.10,1.00
2014.04.16 20:09:14.422,1.79227,1.79239,1.10,1.00
2014.04.16 20:09:14.473,1.79223,1.79239,1.77,1.00
2014.04.16 20:09:15.910,1.79223,1.79239,1.77,1.00
2014.04.16 20:09:16.940,1.79221,1.79239,1.00,1.38
2014.04.16 20:09:17.143,1.79218,1.79236,1.00,1.00
2014.04.16 20:09:17.430,1.79218,1.79236,1.19,1.00
2014.04.16 20:09:17.740,1.79218,1.7923,1.77,1.00
2014.04.16 20:09:18.340,1.79218,1.79232,1.77,1.00
2014.04.16 20:09:18.863,1.79218,1.79232,1.77,1.00
2014.04.16 20:09:19.465,1.79218,1.79232,1.77,1.00
2014.04.16 20:09:20.473,1.79218,1.79232,2.52,1.00
2014.04.16 20:09:21.640,1.79219,1.79232,1.29,1.00
2014.04.16 20:09:22.986,1.79219,1.79232,1.29,1.00
2014.04.16 20:09:24.149,1.79219,1.79232,1.29,1.00
2014.04.16 20:09:25.864,1.79219,1.79232,1.29,1.00
2014.04.16 20:09:27.294,1.79219,1.79232,1.29,1.00
2014.04.16 20:09:28.510,1.79219,1.79232,1.77,1.00
2014.04.16 20:09:29.197,1.79218,1.79232,1.29,1.00
2014.04.16 20:09:29.575,1.79218,1.79232,1.02,1.00
2014.04.16 20:09:33.191,1.79218,1.79232,1.29,1.00
2014.04.16 20:09:35.223,1.79218,1.79232,1.29,1.00
2014.04.16 20:09:36.002,1.7922,1.79232,1.50,1.00
2014.04.16 20:09:36.305,1.79222,1.79237,1.29,1.00
2014.04.16 20:09:38.511,1.79224,1.79237,1.19,1.00
2014.04.16 20:09:39.524,1.79225,1.79237,1.19,1.00
2014.04.16 20:09:40.564,1.79219,1.79237,1.19,1.00
2014.04.16 20:09:40.665,1.79222,1.79241,1.09,1.00
2014.04.16 20:09:40.766,1.79224,1.79241,1.29,1.00
2014.04.16 20:09:41.069,1.79222,1.79241,1.37,1.00
2014.04.16 20:09:42.028,1.79222,1.79241,1.37,1.00
2014.04.16 20:09:43.240,1.79222,1.79241,1.00,1.00
2014.04.16 20:09:43.405,1.79218,1.79237,1.29,1.00
2014.04.16 20:09:44.438,1.79218,1.79237,1.84,1.00
2014.04.16 20:09:49.689,1.79218,1.79237,1.10,1.00
2014.04.16 20:09:49.752,1.79218,1.79237,1.29,1.00
2014.04.16 20:09:53.193,1.79218,1.79237,1.02,1.00
2014.04.16 20:09:54.469,1.79218,1.79237,1.29,1.00
2014.04.16 20:09:55.391,1.79218,1.79237,1.29,1.00
2014.04.16 20:09:56.979,1.79218,1.79237,1.19,1.00
2014.04.16 20:09:58.597,1.79218,1.79237,1.19,1.00
2014.04.16 20:10:00.612,1.79218,1.79237,1.19,1.00
2014.04.16 20:10:06.323,1.79218,1.79237,1.19,1.00
2014.04.16 20:10:07.436,1.79218,1.79237,1.19,1.00
2014.04.16 20:10:09.959,1.79218,1.79237,1.77,1.00
2014.04.16 20:10:16.208,1.79218,1.79237,1.77,1.00
2014.04.16 20:10:17.306,1.79218,1.79237,1.77,1.00
2014.04.16 20:10:20.998,1.79218,1.79237,1.77,1.00
2014.04.16 20:10:22.219,1.79218,1.79237,1.77,1.00
2014.04.16 20:10:24.198,1.79218,1.79237,1.77,1.00
2014.04.16 20:10:29.429,1.79218,1.79234,1.00,1.10
2014.04.16 20:10:34.166,1.79218,1.79235,1.00,1.10
2014.04.16 20:10:34.468,1.79218,1.79235,2.70,1.10
2014.04.16 20:10:34.670,1.79221,1.79239,1.57,1.00
2014.04.16 20:10:34.973,1.79223,1.79241,1.00,1.00
2014.04.16 20:10:35.509,1.7922,1.79239,1.00,1.00
2014.04.16 20:10:52.407,1.7922,1.79239,1.00,1.18
2014.04.16 20:11:09.349,1.7922,1.79239,1.19,1.18
2014.04.16 20:11:12.540,1.7922,1.79239,1.19,1.00
2014.04.16 20:11:16.410,1.7922,1.79239,1.25,1.00
2014.04.16 20:11:21.709,1.7922,1.79239,1.19,1.00
2014.04.16 20:11:21.969,1.7922,1.79239,1.57,1.00
2014.04.16 20:11:22.272,1.79224,1.79241,1.72,1.00
2014.04.16 20:11:22.633,1.79227,1.79243,1.57,1.00
2014.04.16 20:11:23.190,1.79228,1.79246,1.57,1.00
2014.04.16 20:11:24.024,1.79229,1.79248,1.32,1.00
2014.04.16 20:11:24.217,1.79229,1.79248,2.07,1.00
2014.04.16 20:11:24.932,1.79231,1.7925,1.19,1.00
2014.04.16 20:11:25.871,1.79231,1.7925,1.32,1.00
2014.04.16 20:11:26.865,1.79231,1.7925,2.07,1.00
2014.04.16 20:11:27.170,1.79231,1.7925,1.57,1.00
2014.04.16 20:11:27.326,1.79234,1.79252,1.38,1.00
2014.04.16 20:11:28.345,1.79235,1.79254,1.13,1.00
2014.04.16 20:11:33.356,1.79235,1.79254,1.19,1.00
2014.04.16 20:11:34.361,1.79235,1.79254,1.19,1.00
2014.04.16 20:11:36.170,1.79235,1.79254,1.19,1.00
2014.04.16 20:11:36.370,1.79235,1.79254,1.00,1.00
2014.04.16 20:11:41.892,1.79235,1.79254,1.19,1.00
2014.04.16 20:11:45.217,1.79235,1.79254,1.32,1.00
2014.04.16 20:11:45.318,1.79235,1.79254,1.32,1.00
2014.04.16 20:11:48.935,1.79235,1.79254,1.00,1.00
2014.04.16 20:11:49.701,1.79235,1.79254,1.00,1.08
2014.04.16 20:11:49.802,1.79233,1.79252,1.00,1.18
2014.04.16 20:11:49.903,1.79231,1.7925,1.25,1.00
2014.04.16 20:11:50.256,1.79231,1.7925,1.19,1.00
2014.04.16 20:11:50.421,1.79231,1.7925,1.00,1.00
2014.04.16 20:11:50.777,1.79229,1.79248,1.38,1.00
2014.04.16 20:11:51.285,1.79229,1.79248,1.00,1.00
2014.04.16 20:11:53.852,1.79227,1.79246,1.57,1.00
2014.04.16 20:11:54.665,1.79227,1.79246,1.38,1.00
2014.04.16 20:11:56.109,1.79227,1.79246,1.38,1.00
2014.04.16 20:12:00.610,1.79227,1.79246,1.57,1.00
2014.04.16 20:12:10.025,1.79227,1.79246,1.57,1.00
2014.04.16 20:12:10.227,1.79227,1.79246,1.38,1.00
2014.04.16 20:12:20.231,1.79227,1.79246,1.19,1.00
2014.04.16 20:12:23.289,1.79227,1.79246,1.19,1.00
2014.04.16 20:12:23.340,1.79227,1.79246,1.19,1.00
2014.04.16 20:12:23.491,1.79227,1.79246,1.63,1.00
2014.04.16 20:12:28.569,1.79227,1.79246,1.57,1.00
2014.04.16 20:12:29.163,1.79227,1.79246,1.00,1.00
2014.04.16 20:12:29.407,1.79226,1.79244,1.00,1.00
2014.04.16 20:12:35.887,1.79227,1.79246,1.00,1.00
2014.04.16 20:12:40.821,1.79229,1.79247,1.00,1.00
2014.04.16 20:12:41.169,1.79231,1.79249,1.00,1.00
2014.04.16 20:12:43.397,1.79231,1.79248,1.00,1.10
2014.04.16 20:12:43.984,1.79231,1.79249,1.00,1.58
2014.04.16 20:12:48.750,1.79233,1.7925,1.00,1.10
2014.04.16 20:12:49.180,1.79235,1.79253,1.00,1.00
2014.04.16 20:12:49.231,1.79235,1.7925,1.00,1.10
2014.04.16 20:12:49.657,1.79235,1.79252,1.00,1.10
2014.04.16 20:12:50.162,1.79236,1.79252,1.00,1.10
2014.04.16 20:12:50.414,1.79236,1.79248,1.00,1.10
2014.04.16 20:12:50.616,1.79236,1.7925,1.00,1.10
2014.04.16 20:12:53.948,1.79236,1.79252,1.00,1.10
2014.04.16 20:12:55.561,1.79238,1.79252,1.00,1.10
2014.04.16 20:13:03.279,1.7924,1.79252,1.00,1.10
2014.04.16 20:13:08.876,1.7924,1.79256,1.00,1.10
2014.04.16 20:13:15.416,1.7924,1.79252,1.00,1.10
2014.04.16 20:13:15.618,1.7924,1.79259,1.00,1.00
2014.04.16 20:13:27.139,1.7924,1.79259,1.00,1.19
2014.04.16 20:13:30.456,1.7924,1.79259,1.00,1.19
2014.04.16 20:13:31.786,1.7924,1.79259,1.00,1.19
2014.04.16 20:13:33.899,1.7924,1.79259,1.00,1.34
2014.04.16 20:13:35.226,1.7924,1.79258,1.00,1.02
2014.04.16 20:13:35.378,1.79237,1.79256,1.00,1.34
2014.04.16 20:13:36.363,1.79236,1.79255,1.00,1.40
2014.04.16 20:13:40.246,1.79236,1.79255,1.00,1.00
2014.04.16 20:13:49.267,1.79236,1.79255,1.00,1.15
2014.04.16 20:13:50.156,1.79236,1.79253,1.00,1.50
2014.04.16 20:13:50.265,1.79234,1.79253,1.00,2.25
2014.04.16 20:13:50.468,1.79234,1.79247,1.00,1.50
2014.04.16 20:13:50.675,1.79232,1.79247,1.00,1.50
2014.04.16 20:13:51.213,1.79229,1.79247,1.00,1.50
2014.04.16 20:13:51.544,1.79227,1.79246,1.00,1.58
2014.04.16 20:13:54.733,1.79225,1.79244,1.00,1.15
2014.04.16 20:14:10.535,1.79225,1.79244,1.00,1.08
2014.04.16 20:14:11.325,1.79225,1.79244,1.00,1.00
2014.04.16 20:14:11.695,1.79225,1.79244,1.00,1.88
2014.04.16 20:14:12.200,1.79224,1.79243,1.00,1.10
2014.04.16 20:14:42.761,1.79224,1.79243,1.19,1.00
2014.04.16 20:14:43.865,1.79224,1.79243,1.25,1.00
2014.04.16 20:15:09.103,1.79226,1.79245,1.00,1.00
2014.04.16 20:15:12.916,1.79226,1.79245,1.19,1.00
2014.04.16 20:15:14.936,1.79226,1.79245,1.00,1.00
2014.04.16 20:15:17.060,1.79226,1.79245,1.38,1.00
2014.04.16 20:15:18.365,1.79226,1.79245,1.25,1.00
2014.04.16 20:15:22.119,1.79226,1.79245,1.19,1.00
2014.04.16 20:15:23.235,1.79226,1.79245,1.25,1.00
2014.04.16 20:15:25.353,1.79226,1.79245,1.19,1.00
2014.04.16 20:15:29.245,1.79226,1.79245,1.19,1.00
2014.04.16 20:15:31.572,1.79226,1.79245,1.19,1.00
2014.04.16 20:15:33.310,1.79226,1.79245,1.19,1.00
2014.04.16 20:15:33.622,1.7923,1.79249,1.00,1.00
2014.04.16 20:15:53.024,1.7923,1.79249,1.19,1.00
2014.04.16 20:16:00.148,1.7923,1.79249,1.00,1.00
2014.04.16 20:16:33.643,1.79225,1.79256,2.14,1.29
2014.04.16 20:16:35.717,1.79225,1.79256,2.14,1.29
2014.04.16 20:16:36.781,1.79225,1.79256,2.14,1.29
2014.04.16 20:16:37.785,1.79225,1.79256,2.14,1.29
2014.04.16 20:16:38.891,1.79225,1.79256,2.14,1.29
2014.04.16 20:16:40.336,1.79225,1.79256,2.14,1.29
2014.04.16 20:16:41.645,1.79225,1.79256,2.14,1.10
2014.04.16 20:16:45.812,1.79225,1.79256,2.14,1.29
2014.04.16 20:16:46.685,1.79223,1.79256,1.72,1.47
2014.04.16 20:16:47.886,1.79223,1.79256,1.72,1.47
2014.04.16 20:16:48.828,1.79223,1.79256,1.72,1.47
2014.04.16 20:16:49.634,1.79223,1.79256,1.72,1.28
2014.04.16 20:16:51.844,1.79223,1.79256,1.72,1.28
2014.04.16 20:16:55.359,1.79223,1.79256,1.72,1.28
2014.04.16 20:17:00.523,1.79223,1.79256,1.72,1.47
2014.04.16 20:17:01.529,1.79223,1.79256,1.72,1.47
2014.04.16 20:17:04.105,1.79223,1.79256,1.72,1.47
2014.04.16 20:17:05.134,1.79223,1.79256,1.72,1.47
2014.04.16 20:17:06.304,1.79223,1.79256,1.72,1.47
2014.04.16 20:17:09.112,1.79223,1.79255,1.74,1.17
2014.04.16 20:17:09.514,1.79223,1.79255,1.74,1.17
2014.04.16 20:17:10.837,1.79223,1.79255,1.74,1.47
2014.04.16 20:17:11.692,1.79228,1.79255,1.00,1.47
2014.04.16 20:17:17.141,1.79228,1.79255,1.38,1.47
2014.04.16 20:17:17.445,1.79229,1.79255,2.89,1.10
2014.04.16 20:17:18.120,1.79232,1.79251,1.55,1.00
2014.04.16 20:17:20.923,1.79232,1.79251,1.55,1.00
2014.04.16 20:17:21.433,1.79232,1.79251,1.18,1.00
2014.04.16 20:17:22.115,1.79232,1.79251,1.55,1.00
2014.04.16 20:17:22.677,1.79232,1.79251,1.28,1.00
2014.04.16 20:17:27.490,1.79232,1.79251,1.74,1.00
2014.04.16 20:17:27.893,1.79234,1.79251,1.57,1.00
2014.04.16 20:17:27.944,1.79236,1.79253,1.57,1.00
2014.04.16 20:17:31.916,1.79235,1.79253,1.57,1.00
2014.04.16 20:17:32.889,1.79235,1.79253,1.00,1.00
2014.04.16 20:17:33.042,1.79235,1.79253,1.38,1.00
2014.04.16 20:17:33.345,1.79238,1.79257,1.48,1.00
2014.04.16 20:17:33.447,1.79238,1.79257,1.48,1.00
2014.04.16 20:17:33.548,1.79238,1.79257,1.28,1.00
2014.04.16 20:17:34.053,1.79238,1.79257,1.00,1.00
2014.04.16 20:17:34.104,1.79235,1.79254,1.13,1.00
2014.04.16 20:17:34.410,1.79232,1.79251,1.38,1.00
2014.04.16 20:17:34.724,1.79234,1.79251,1.20,1.00
2014.04.16 20:17:39.453,1.79233,1.79251,1.20,1.00
2014.04.16 20:17:39.504,1.79232,1.79251,1.78,1.00
2014.04.16 20:17:45.095,1.79232,1.79251,1.78,1.00
2014.04.16 20:17:52.931,1.79232,1.79251,1.19,1.00
2014.04.16 20:17:53.246,1.79227,1.79246,1.00,1.00
2014.04.16 20:17:53.449,1.79224,1.79243,1.00,1.00
2014.04.16 20:17:53.752,1.79218,1.79237,1.10,1.00
2014.04.16 20:17:54.056,1.79209,1.79225,1.88,1.00
2014.04.16 20:17:54.157,1.79206,1.79225,1.95,1.00
2014.04.16 20:17:58.050,1.7921,1.79225,1.20,1.00
2014.04.16 20:18:06.157,1.79209,1.79225,1.27,1.00
2014.04.16 20:18:06.208,1.79206,1.79225,1.72,1.00
2014.04.16 20:18:07.644,1.79206,1.79225,1.72,1.00
2014.04.16 20:18:08.179,1.79206,1.79225,1.72,1.00
2014.04.16 20:18:09.071,1.79206,1.79225,1.72,1.00
2014.04.16 20:18:11.580,1.79206,1.79225,1.72,1.00
2014.04.16 20:18:15.431,1.79205,1.7922,2.14,1.00
2014.04.16 20:18:16.225,1.79205,1.79218,1.67,1.00
2014.04.16 20:18:16.546,1.79204,1.79216,1.74,1.00
2014.04.16 20:18:19.604,1.79203,1.79216,1.72,1.00
2014.04.16 20:18:22.013,1.79203,1.79215,1.72,1.00
2014.04.16 20:18:25.325,1.79203,1.79216,2.22,1.00
2014.04.16 20:18:26.530,1.79203,1.79215,1.72,1.00
2014.04.16 20:18:29.453,1.79201,1.79215,1.39,1.00
2014.04.16 20:18:32.423,1.79201,1.79215,1.39,1.00
2014.04.16 20:18:33.374,1.79202,1.79216,1.72,1.00
2014.04.16 20:18:34.105,1.79202,1.79216,1.72,1.00
2014.04.16 20:18:37.674,1.79204,1.79216,1.74,1.00
2014.04.16 20:18:41.211,1.79203,1.79216,1.72,1.00
2014.04.16 20:18:41.851,1.79203,1.79215,1.72,1.00
2014.04.16 20:18:42.726,1.79204,1.79222,1.74,1.00
2014.04.16 20:18:43.130,1.79206,1.79222,1.57,1.00
2014.04.16 20:18:43.231,1.79204,1.79215,1.74,1.00
2014.04.16 20:18:43.332,1.79204,1.79222,1.74,1.00
2014.04.16 20:18:43.875,1.79213,1.79222,1.00,1.00
2014.04.16 20:18:47.871,1.79206,1.79222,1.39,1.00
2014.04.16 20:18:48.124,1.79203,1.79214,1.72,1.00
2014.04.16 20:18:49.736,1.79203,1.79215,1.72,1.00
2014.04.16 20:18:51.437,1.79203,1.79214,1.72,1.00
2014.04.16 20:18:58.545,1.79203,1.79214,1.72,1.00
2014.04.16 20:18:59.576,1.79204,1.79222,1.74,1.00
2014.04.16 20:19:02.496,1.79206,1.79222,1.57,1.00
2014.04.16 20:19:02.799,1.79204,1.79226,1.74,1.00
2014.04.16 20:19:02.850,1.79204,1.79217,1.74,1.00
2014.04.16 20:19:02.951,1.79203,1.79217,1.72,1.00
2014.04.16 20:19:04.360,1.79201,1.79214,1.20,1.00
2014.04.16 20:19:04.562,1.79197,1.79214,1.47,1.00
2014.04.16 20:19:04.931,1.79197,1.79212,1.75,1.00
2014.04.16 20:19:05.387,1.79197,1.7921,1.75,1.00
2014.04.16 20:19:09.199,1.79197,1.79209,1.28,1.00
2014.04.16 20:19:12.389,1.79197,1.79209,1.47,1.00
2014.04.16 20:19:16.513,1.79197,1.79209,1.47,1.00
2014.04.16 20:19:17.497,1.79197,1.79216,2.22,1.00
2014.04.16 20:19:23.005,1.79198,1.79216,1.82,1.00
2014.04.16 20:19:26.215,1.79198,1.79216,2.22,1.00
2014.04.16 20:19:28.938,1.79199,1.7921,1.57,1.00
2014.04.16 20:19:29.471,1.79199,1.7921,1.57,1.00
2014.04.16 20:19:32.965,1.79201,1.79218,1.67,1.00
2014.04.16 20:19:33.066,1.79201,1.79212,1.67,1.00
2014.04.16 20:19:33.990,1.79199,1.79211,1.72,1.00
2014.04.16 20:19:34.987,1.79199,1.79212,1.72,1.00
2014.04.16 20:19:35.269,1.79199,1.79212,1.72,1.00
2014.04.16 20:19:40.994,1.792,1.79213,1.74,1.00
2014.04.16 20:19:42.108,1.79201,1.79213,2.14,1.00
2014.04.16 20:19:43.096,1.79201,1.79213,1.67,1.00
2014.04.16 20:20:00.911,1.79201,1.79214,3.64,1.00
2014.04.16 20:20:02.418,1.79201,1.79213,2.14,1.00
2014.04.16 20:20:07.648,1.792,1.79212,1.72,1.00
2014.04.16 20:20:08.941,1.792,1.79213,1.72,1.00
2014.04.16 20:20:13.172,1.792,1.79213,1.72,1.00
2014.04.16 20:20:14.042,1.792,1.79213,1.72,1.00
2014.04.16 20:20:14.414,1.79199,1.79213,2.14,1.00
2014.04.16 20:20:17.949,1.79199,1.79212,2.14,1.00
2014.04.16 20:20:23.395,1.792,1.79212,1.72,1.00
2014.04.16 20:20:23.598,1.79194,1.79212,1.34,1.00
2014.04.16 20:20:23.749,1.79193,1.79212,1.18,1.00
2014.04.16 20:20:24.112,1.7919,1.79209,1.33,1.00
2014.04.16 20:20:24.782,1.79186,1.79204,1.92,1.00
2014.04.16 20:20:24.883,1.79191,1.7921,1.08,1.00
2014.04.16 20:20:25.861,1.79191,1.79209,1.08,1.10
2014.04.16 20:20:26.410,1.79194,1.79212,1.08,1.28
2014.04.16 20:20:38.052,1.79194,1.79213,1.08,1.50
2014.04.16 20:20:38.507,1.79194,1.79213,1.08,2.48
2014.04.16 20:20:50.708,1.79194,1.7921,1.08,1.00
2014.04.16 20:20:51.164,1.79191,1.7921,1.00,1.50
2014.04.16 20:20:51.215,1.79191,1.79208,1.00,1.00
2014.04.16 20:20:51.329,1.7918,1.79199,2.22,1.00
2014.04.16 20:20:54.364,1.7918,1.79199,1.84,1.00
2014.04.16 20:20:55.335,1.7918,1.79199,2.22,1.00
2014.04.16 20:20:55.590,1.7918,1.79199,2.22,1.00
2014.04.16 20:20:56.690,1.7918,1.79197,1.74,1.00
2014.04.16 20:21:03.177,1.7918,1.79197,1.72,1.00
2014.04.16 20:21:05.599,1.7918,1.79197,2.22,1.00
2014.04.16 20:21:06.199,1.7918,1.79197,1.34,1.00
2014.04.16 20:21:06.300,1.79178,1.79197,1.25,1.00
2014.04.16 20:21:06.525,1.79176,1.79195,1.37,1.00
2014.04.16 20:21:08.916,1.79176,1.79195,1.09,1.00
2014.04.16 20:21:16.192,1.79173,1.79191,1.19,1.00
2014.04.16 20:21:19.568,1.79175,1.79191,1.00,1.00
2014.04.16 20:21:22.136,1.79183,1.79191,1.00,1.00
2014.04.16 20:21:22.440,1.79186,1.79194,1.10,1.00
2014.04.16 20:21:22.744,1.79188,1.79195,1.10,1.00
2014.04.16 20:21:22.795,1.79188,1.79197,1.10,1.00
2014.04.16 20:21:22.896,1.79188,1.792,1.58,1.00
2014.04.16 20:21:23.250,1.79188,1.79202,1.10,1.00
2014.04.16 20:21:28.261,1.79186,1.79202,1.10,1.00
2014.04.16 20:21:41.909,1.79188,1.79202,1.57,1.00
2014.04.16 20:21:42.111,1.79186,1.79202,3.04,1.00
2014.04.16 20:21:42.162,1.79189,1.79208,1.57,1.00
2014.04.16 20:21:42.450,1.79191,1.7921,1.38,1.00
2014.04.16 20:21:47.949,1.79191,1.7921,1.57,1.00
2014.04.16 20:21:50.369,1.79191,1.7921,1.57,1.00
2014.04.16 20:21:52.197,1.79191,1.7921,1.57,1.00
2014.04.16 20:21:57.607,1.79191,1.7921,1.57,1.00
2014.04.16 20:21:58.926,1.79191,1.7921,1.57,1.00
2014.04.16 20:22:01.594,1.79194,1.79213,1.19,1.00
2014.04.16 20:22:01.847,1.79192,1.79211,1.32,1.00
2014.04.16 20:22:02.406,1.79192,1.79211,1.32,1.00
2014.04.16 20:22:05.110,1.79192,1.79211,1.13,1.00
2014.04.16 20:22:12.372,1.79192,1.79211,1.19,1.00
2014.04.16 20:22:12.480,1.79192,1.79211,1.00,1.00
2014.04.16 20:23:01.918,1.79184,1.79219,1.17,1.72
2014.04.16 20:23:02.496,1.79184,1.79217,1.09,1.64
2014.04.16 20:23:02.547,1.79184,1.79217,1.02,1.39
2014.04.16 20:23:07.814,1.79184,1.79217,1.10,1.95
2014.04.16 20:23:07.965,1.79184,1.79217,1.10,1.95
2014.04.16 20:23:11.737,1.79184,1.79215,1.10,1.78
2014.04.16 20:23:17.176,1.79184,1.79216,1.10,1.72
2014.04.16 20:23:17.941,1.79184,1.79213,1.10,1.39
2014.04.16 20:23:22.479,1.79188,1.79207,1.00,1.00
2014.04.16 20:23:28.149,1.79188,1.79205,1.00,1.45
2014.04.16 20:23:28.452,1.79179,1.79198,1.00,1.28
2014.04.16 20:23:28.654,1.79176,1.79195,1.00,1.00
2014.04.16 20:23:36.411,1.79176,1.79195,1.38,1.00
2014.04.16 20:23:36.920,1.79176,1.79195,1.53,1.00
2014.04.16 20:23:42.525,1.79176,1.79195,1.53,1.00
2014.04.16 20:23:43.028,1.79176,1.79195,1.53,1.00
2014.04.16 20:23:49.355,1.79176,1.79195,1.08,1.00
2014.04.16 20:23:49.456,1.79176,1.79195,1.00,1.00
2014.04.16 20:23:54.783,1.79176,1.79195,1.38,1.00
2014.04.16 20:23:56.977,1.79176,1.79195,1.38,1.00
2014.04.16 20:23:57.129,1.79176,1.79195,1.38,1.00
2014.04.16 20:23:58.105,1.79176,1.79195,1.38,1.00
2014.04.16 20:23:59.374,1.79176,1.79195,1.00,1.00
2014.04.16 20:24:00.692,1.79176,1.79195,1.38,1.00
2014.04.16 20:24:01.477,1.79176,1.79195,1.38,1.00
2014.04.16 20:24:01.794,1.79176,1.79195,1.38,1.00
2014.04.16 20:24:02.904,1.79176,1.79195,1.13,1.00
2014.04.16 20:24:03.010,1.79176,1.79195,1.38,1.00
2014.04.16 20:24:04.083,1.79176,1.79195,1.38,1.00
2014.04.16 20:24:04.941,1.79176,1.79195,1.38,1.00
2014.04.16 20:24:11.460,1.79176,1.79195,1.53,1.00
2014.04.16 20:24:11.989,1.79176,1.79195,1.53,1.00
2014.04.16 20:24:13.218,1.79176,1.79195,1.53,1.00
2014.04.16 20:24:13.453,1.79176,1.79195,1.45,1.00
2014.04.16 20:24:13.555,1.79176,1.79195,1.38,1.00
2014.04.16 20:24:14.624,1.79176,1.79195,1.38,1.00
2014.04.16 20:24:16.438,1.79176,1.79195,1.38,1.00
2014.04.16 20:24:22.248,1.79176,1.79195,1.13,1.00
2014.04.16 20:24:22.547,1.79176,1.79195,1.38,1.00
2014.04.16 20:24:26.286,1.79176,1.79195,1.13,1.00
2014.04.16 20:24:28.157,1.79176,1.79195,1.38,1.00
2014.04.16 20:24:28.652,1.79171,1.79204,1.20,1.29
2014.04.16 20:24:28.703,1.79171,1.79204,1.20,1.29
2014.04.16 20:24:29.210,1.79171,1.79204,1.20,1.29
2014.04.16 20:24:31.283,1.79171,1.79204,1.20,1.29
2014.04.16 20:24:41.636,1.7917,1.79204,1.68,1.37
2014.04.16 20:24:42.136,1.7917,1.79204,1.20,1.18
2014.04.16 20:24:49.228,1.7917,1.79204,1.20,1.18
2014.04.16 20:24:49.537,1.7917,1.79204,1.13,1.58
2014.04.16 20:24:50.095,1.79167,1.79203,1.72,1.02
2014.04.16 20:24:50.247,1.79166,1.79204,1.95,2.25
2014.04.16 20:24:51.724,1.79168,1.79204,1.53,2.25
2014.04.16 20:24:57.256,1.79168,1.79203,1.53,1.02
2014.04.16 20:24:59.240,1.79168,1.79203,1.53,1.02
2014.04.16 20:24:59.668,1.79168,1.79203,1.53,1.02
2014.04.16 20:25:06.537,1.79168,1.79203,1.72,1.39
2014.04.16 20:25:07.280,1.79168,1.79204,1.78,2.25
2014.04.16 20:25:09.555,1.79174,1.79204,1.57,1.15
2014.04.16 20:25:15.341,1.79174,1.79204,1.38,1.15
2014.04.16 20:25:16.608,1.79174,1.79204,1.57,1.15
2014.04.16 20:25:16.709,1.79176,1.79204,1.48,1.00
2014.04.16 20:25:16.810,1.79176,1.79204,1.48,1.00
2014.04.16 20:25:17.375,1.79183,1.79204,1.00,1.00
2014.04.16 20:25:17.577,1.79183,1.79207,1.38,1.00
2014.04.16 20:25:17.689,1.79183,1.79197,1.38,1.00
2014.04.16 20:25:18.513,1.79183,1.79197,1.38,1.00
2014.04.16 20:25:18.665,1.79183,1.792,1.38,1.00
2014.04.16 20:25:18.902,1.79184,1.79203,1.38,1.00
2014.04.16 20:25:25.743,1.79184,1.79203,1.13,1.00
2014.04.16 20:25:37.379,1.79184,1.79203,1.63,1.00
2014.04.16 20:25:38.370,1.79187,1.79206,1.38,1.00
2014.04.16 20:25:45.716,1.79187,1.79206,1.00,1.58
2014.04.16 20:25:54.856,1.79187,1.79203,1.00,1.10
2014.04.16 20:25:59.476,1.79187,1.79204,1.00,1.10
2014.04.16 20:26:06.199,1.79187,1.79206,1.00,1.00
2014.04.16 20:26:38.341,1.79178,1.79212,1.95,1.28
2014.04.16 20:26:39.016,1.79178,1.79212,2.14,1.47
2014.04.16 20:26:40.400,1.79178,1.79212,1.78,1.44
2014.04.16 20:26:42.998,1.79178,1.79212,1.72,1.44
2014.04.16 20:26:44.203,1.79178,1.79212,1.53,1.17
2014.04.16 20:26:46.995,1.79178,1.79211,1.00,1.98
2014.04.16 20:26:47.248,1.79175,1.7921,1.18,1.84
2014.04.16 20:26:47.309,1.79184,1.79203,1.00,1.00
2014.04.16 20:27:14.403,1.79182,1.79201,1.00,1.00
2014.04.16 20:27:48.818,1.79182,1.79201,1.00,1.15
2014.04.16 20:27:49.121,1.79182,1.792,1.00,1.98
2014.04.16 20:27:49.171,1.79179,1.79198,1.00,1.15
2014.04.16 20:27:49.380,1.79179,1.79198,1.00,1.00
2014.04.16 20:28:03.814,1.79179,1.79197,1.00,1.00
2014.04.16 20:28:03.866,1.79179,1.79197,1.00,1.34
2014.04.16 20:28:04.018,1.79175,1.79194,1.00,1.29
2014.04.16 20:28:04.068,1.79175,1.79194,1.00,2.85
2014.04.16 20:28:04.220,1.79171,1.7919,1.00,2.03
2014.04.16 20:28:04.372,1.79168,1.79187,1.00,1.53
2014.04.16 20:28:05.126,1.79168,1.79187,1.00,1.63
2014.04.16 20:28:08.565,1.79168,1.79187,1.00,1.53
2014.04.16 20:28:09.723,1.79168,1.79187,1.00,1.53
2014.04.16 20:28:15.245,1.79168,1.79187,1.00,1.53
2014.04.16 20:28:15.345,1.79168,1.79187,1.00,1.53
2014.04.16 20:28:16.953,1.79168,1.79187,1.00,1.19
2014.04.16 20:28:18.183,1.79168,1.79187,1.00,1.00
2014.04.16 20:28:19.378,1.79168,1.79187,1.08,1.00
2014.04.16 20:28:19.908,1.79168,1.79187,1.15,1.00
2014.04.16 20:28:24.160,1.79168,1.79187,1.53,1.00
2014.04.16 20:28:24.712,1.79168,1.79187,1.53,1.00
2014.04.16 20:28:25.167,1.79171,1.79187,1.38,1.00
2014.04.16 20:28:25.369,1.79172,1.7919,1.72,1.00
2014.04.16 20:28:25.571,1.79173,1.79192,1.53,1.00
2014.04.16 20:28:29.411,1.79173,1.79192,1.00,1.00
2014.04.16 20:28:29.714,1.79173,1.79192,1.55,1.00
2014.04.16 20:28:30.076,1.7917,1.79189,1.25,1.00
2014.04.16 20:28:30.601,1.7917,1.79189,1.38,1.00
2014.04.16 20:28:30.702,1.7917,1.79184,1.00,1.10
2014.04.16 20:28:34.432,1.7917,1.79189,1.38,1.00
2014.04.16 20:28:34.735,1.79173,1.79184,1.10,1.10
2014.04.16 20:28:34.842,1.79171,1.79184,1.00,1.10
2014.04.16 20:28:38.962,1.79171,1.79188,1.00,1.10
2014.04.16 20:28:40.934,1.79171,1.79189,1.00,1.10
2014.04.16 20:28:48.174,1.79171,1.79185,1.00,1.10
2014.04.16 20:29:11.993,1.79169,1.79185,1.00,1.58
2014.04.16 20:29:12.210,1.79169,1.7918,1.00,1.10
2014.04.16 20:29:12.312,1.79167,1.7918,1.00,1.10
2014.04.16 20:29:12.363,1.79157,1.79171,1.18,1.10
2014.04.16 20:29:12.666,1.79161,1.7917,1.00,1.10
2014.04.16 20:29:12.818,1.79161,1.79172,1.00,1.10
2014.04.16 20:29:12.994,1.79158,1.79172,1.10,1.10
2014.04.16 20:29:13.142,1.79158,1.79175,1.10,1.10
2014.04.16 20:29:21.435,1.79154,1.79173,1.34,1.00
2014.04.16 20:29:21.755,1.79157,1.79173,1.95,1.00
2014.04.16 20:29:21.856,1.79161,1.79177,1.13,1.00
2014.04.16 20:29:21.957,1.79164,1.79183,1.18,1.00
2014.04.16 20:29:22.109,1.79168,1.79187,1.00,1.00
2014.04.16 20:29:22.311,1.79168,1.79187,1.15,1.00
2014.04.16 20:29:23.814,1.79168,1.79187,1.00,1.00
2014.04.16 20:29:42.096,1.79168,1.79187,1.00,1.40
2014.04.16 20:30:00.357,1.79168,1.79187,1.00,2.25
2014.04.16 20:30:00.875,1.79168,1.79181,1.00,1.10
2014.04.16 20:30:00.926,1.79166,1.79181,1.00,1.10
2014.04.16 20:30:01.750,1.79165,1.79181,1.00,1.10
2014.04.16 20:30:01.851,1.79165,1.79183,1.00,1.10
2014.04.16 20:30:02.441,1.79156,1.79183,1.95,1.10
2014.04.16 20:30:04.041,1.79156,1.79184,1.95,1.10
2014.04.16 20:30:05.473,1.79156,1.79186,1.95,1.28
2014.04.16 20:30:07.881,1.79157,1.79189,1.63,1.20
2014.04.16 20:30:08.691,1.79158,1.79189,1.20,1.20
2014.04.16 20:30:08.742,1.79158,1.79192,1.88,2.78
2014.04.16 20:30:11.872,1.79162,1.79189,1.20,1.20
2014.04.16 20:30:14.367,1.79162,1.79186,1.10,1.08
2014.04.16 20:30:19.498,1.79162,1.79189,1.10,1.20
2014.04.16 20:30:19.549,1.79162,1.7919,1.10,1.20
2014.04.16 20:30:36.617,1.79162,1.79192,1.28,1.20
2014.04.16 20:30:50.992,1.79164,1.79192,1.10,1.20
2014.04.16 20:30:51.651,1.79166,1.79192,1.10,1.20
2014.04.16 20:30:55.459,1.79166,1.79189,1.10,1.08
2014.04.16 20:31:10.682,1.79161,1.7919,1.10,1.50
2014.04.16 20:31:10.967,1.79161,1.79193,1.18,1.50
2014.04.16 20:31:11.053,1.79161,1.79194,1.25,1.50
2014.04.16 20:31:31.601,1.79161,1.79195,2.03,2.33
2014.04.16 20:31:40.638,1.79166,1.79195,1.10,1.50
2014.04.16 20:31:42.902,1.79166,1.79198,1.28,1.50
2014.04.16 20:32:02.942,1.79166,1.79198,1.28,1.50
2014.04.16 20:32:09.974,1.79168,1.79201,1.08,1.93
2014.04.16 20:32:10.025,1.79167,1.79201,1.50,1.25
2014.04.16 20:32:19.787,1.79171,1.79201,1.08,1.28
2014.04.16 20:32:19.888,1.7917,1.79201,2.25,1.20
2014.04.16 20:32:19.998,1.79174,1.79201,1.08,1.10
2014.04.16 20:32:38.144,1.79171,1.79201,1.88,1.20
2014.04.16 20:32:38.195,1.79171,1.79201,1.20,1.20
2014.04.16 20:32:41.280,1.79174,1.79201,1.08,1.10
2014.04.16 20:32:53.323,1.79173,1.79204,1.50,1.65
2014.04.16 20:32:53.594,1.79171,1.79201,1.20,1.20
2014.04.16 20:32:54.870,1.79171,1.79201,1.88,1.20
2014.04.16 20:32:55.174,1.79174,1.79201,1.88,1.10
2014.04.16 20:32:55.725,1.79176,1.79201,1.50,1.10
2014.04.16 20:33:15.514,1.79176,1.79201,1.50,1.10
2014.04.16 20:33:17.190,1.79181,1.79201,1.08,1.10
2014.04.16 20:33:37.461,1.79181,1.79201,1.50,1.10
2014.04.16 20:33:41.968,1.79179,1.79201,1.50,1.10
2014.04.16 20:33:42.019,1.79178,1.79201,1.50,1.10
2014.04.16 20:33:44.650,1.79178,1.79202,1.50,1.00
2014.04.16 20:34:31.672,1.79175,1.79202,1.50,1.10
2014.04.16 20:34:32.078,1.79179,1.79202,1.08,1.10
2014.04.16 20:34:32.406,1.79178,1.79202,1.50,1.10
2014.04.16 20:34:38.719,1.79178,1.79202,1.50,1.10
2014.04.16 20:34:52.162,1.79178,1.79206,1.50,1.20
2014.04.16 20:35:00.643,1.79178,1.79206,1.50,1.48
2014.04.16 20:35:01.705,1.79178,1.79206,1.50,1.20
2014.04.16 20:35:02.169,1.79179,1.79206,1.50,1.20
2014.04.16 20:35:02.690,1.79181,1.79206,1.50,1.20
2014.04.16 20:35:20.594,1.79181,1.79208,1.50,1.48
2014.04.16 20:35:22.204,1.79182,1.79208,1.50,1.48
2014.04.16 20:35:28.066,1.79179,1.79208,1.50,1.48
2014.04.16 20:35:29.533,1.7918,1.79208,1.50,1.48
2014.04.16 20:35:29.867,1.79183,1.79209,1.50,1.10
2014.04.16 20:35:30.158,1.79184,1.79209,1.50,1.10
2014.04.16 20:35:30.977,1.79186,1.79209,1.50,1.10
2014.04.16 20:35:31.653,1.79183,1.79209,1.50,1.10
2014.04.16 20:35:31.704,1.79184,1.79209,1.50,1.10
2014.04.16 20:35:31.958,1.79183,1.79209,1.50,1.48
2014.04.16 20:35:33.387,1.79183,1.79207,1.50,1.10
2014.04.16 20:35:34.575,1.79186,1.79207,1.50,1.10
2014.04.16 20:35:35.081,1.79186,1.79208,1.50,1.10
2014.04.16 20:35:37.909,1.79186,1.79206,1.50,1.10
2014.04.16 20:35:38.122,1.79186,1.79208,1.50,1.10
2014.04.16 20:35:38.173,1.79183,1.79208,1.50,1.10
2014.04.16 20:35:38.274,1.7918,1.79208,1.50,1.48
2014.04.16 20:35:40.458,1.7918,1.79207,1.50,1.10
2014.04.16 20:35:40.910,1.7918,1.79203,1.50,1.10
2014.04.16 20:35:41.020,1.79178,1.79203,1.50,1.10
2014.04.16 20:35:45.169,1.79176,1.79203,1.50,1.10
2014.04.16 20:35:45.308,1.79175,1.79203,2.25,1.10
2014.04.16 20:36:05.584,1.79176,1.79203,1.50,1.10
2014.04.16 20:36:07.148,1.79181,1.79203,1.08,1.10
2014.04.16 20:36:07.199,1.79181,1.79215,1.50,1.39
2014.04.16 20:36:07.878,1.79181,1.79215,1.50,1.68
2014.04.16 20:36:08.673,1.79186,1.79217,1.08,1.95
2014.04.16 20:36:08.774,1.79186,1.79221,1.50,1.50
2014.04.16 20:36:08.926,1.79194,1.79221,1.10,1.50
2014.04.16 20:36:09.078,1.79196,1.79225,1.50,1.00
2014.04.16 20:36:11.043,1.79196,1.79225,1.20,1.08
2014.04.16 20:36:11.094,1.79194,1.79225,1.65,1.15
2014.04.16 20:36:11.145,1.79194,1.79221,1.18,2.25
2014.04.16 20:36:11.196,1.79194,1.79218,1.10,1.50
2014.04.16 20:36:13.210,1.79194,1.79224,1.20,1.50
2014.04.16 20:36:13.312,1.79194,1.79225,1.58,1.83
2014.04.16 20:36:13.363,1.79194,1.79225,1.65,1.15
2014.04.16 20:36:24.221,1.79194,1.79225,1.20,3.19
2014.04.16 20:36:24.323,1.79194,1.79222,1.10,1.50
2014.04.16 20:36:24.633,1.79194,1.79214,1.10,1.50
2014.04.16 20:36:25.007,1.79194,1.7922,1.10,2.25
2014.04.16 20:36:25.108,1.79194,1.7922,1.10,1.15
2014.04.16 20:36:25.209,1.79194,1.79214,1.10,1.50
2014.04.16 20:36:25.310,1.79194,1.79222,1.10,1.02
2014.04.16 20:36:39.253,1.79194,1.79227,1.25,1.50
2014.04.16 20:36:39.456,1.79197,1.79232,1.50,1.50
2014.04.16 20:36:45.515,1.79194,1.79228,1.65,1.50
2014.04.16 20:36:49.097,1.79193,1.7923,2.33,1.50
2014.04.16 20:36:49.198,1.79195,1.79231,1.50,1.50
2014.04.16 20:37:02.655,1.79193,1.79228,2.33,1.50
2014.04.16 20:37:23.421,1.79193,1.79227,1.35,1.50
2014.04.16 20:37:49.438,1.79193,1.79226,1.28,1.50
2014.04.16 20:37:49.489,1.79193,1.79223,1.28,1.50
2014.04.16 20:37:51.429,1.79193,1.79221,1.10,1.50
2014.04.16 20:37:54.210,1.79193,1.79223,1.20,1.50
2014.04.16 20:37:56.283,1.79193,1.79222,1.28,1.08
2014.04.16 20:37:56.334,1.79193,1.79226,1.25,1.50
2014.04.16 20:38:01.425,1.79194,1.79226,1.08,1.02
2014.04.16 20:38:01.953,1.79193,1.79228,2.33,1.88
2014.04.16 20:38:02.267,1.79193,1.79228,1.65,1.88
2014.04.16 20:38:02.368,1.79193,1.79226,1.25,1.50
2014.04.16 20:38:04.423,1.79194,1.79227,1.08,1.50
2014.04.16 20:38:04.964,1.79193,1.79228,2.33,1.98
2014.04.16 20:38:09.205,1.79193,1.79227,1.65,2.33
2014.04.16 20:38:09.256,1.79193,1.79224,1.28,1.50
2014.04.16 20:38:23.906,1.79197,1.79224,1.10,1.50
2014.04.16 20:38:24.217,1.79193,1.79224,1.28,1.50
2014.04.16 20:38:29.335,1.79193,1.79225,1.25,1.98
2014.04.16 20:38:30.064,1.79193,1.79227,2.33,1.02
2014.04.16 20:38:32.207,1.79193,1.79225,1.65,1.30
2014.04.16 20:38:32.258,1.79193,1.79225,1.25,1.30
2014.04.16 20:38:33.429,1.79197,1.79232,1.50,2.14
2014.04.16 20:38:34.646,1.792,1.79232,1.15,1.39
2014.04.16 20:38:35.779,1.79197,1.79232,1.50,1.39
2014.04.16 20:38:37.371,1.79197,1.79232,1.50,1.30
2014.04.16 20:38:45.803,1.792,1.79232,1.15,1.02
2014.04.16 20:38:46.796,1.792,1.79232,1.15,1.02
2014.04.16 20:38:48.185,1.79205,1.79232,1.10,2.14
2014.04.16 20:38:49.174,1.792,1.79232,1.15,1.95
2014.04.16 20:38:57.328,1.792,1.79232,1.15,1.39
2014.04.16 20:38:58.341,1.792,1.79232,1.15,1.39
2014.04.16 20:39:08.709,1.79201,1.79233,1.08,1.02
2014.04.16 20:39:09.824,1.79205,1.79234,1.10,1.02
2014.04.16 20:39:17.597,1.79205,1.79234,1.18,1.33
2014.04.16 20:39:17.648,1.79205,1.79237,1.15,1.09
2014.04.16 20:39:24.122,1.79207,1.79237,1.08,1.95
2014.04.16 20:39:24.324,1.79205,1.79237,1.58,1.60
2014.04.16 20:39:44.510,1.79205,1.79237,1.15,1.79
2014.04.16 20:39:53.660,1.79205,1.79237,1.15,1.79
2014.04.16 20:39:56.514,1.79204,1.79237,2.33,1.15
2014.04.16 20:39:56.818,1.79213,1.79243,1.50,1.28
2014.04.16 20:40:00.526,1.79213,1.79243,1.50,1.20
2014.04.16 20:40:01.611,1.79213,1.79243,1.50,1.17
2014.04.16 20:40:15.493,1.79217,1.79244,1.50,1.33
2014.04.16 20:40:15.597,1.79214,1.79245,1.50,1.54
2014.04.16 20:40:16.004,1.79214,1.79245,1.50,1.20
2014.04.16 20:40:16.571,1.79214,1.79245,1.50,1.39
2014.04.16 20:40:20.108,1.79214,1.79245,1.50,1.20
2014.04.16 20:40:22.933,1.79223,1.79245,1.50,1.10
2014.04.16 20:40:23.034,1.79219,1.79246,1.50,1.10
2014.04.16 20:40:23.186,1.79215,1.79247,2.25,1.37
2014.04.16 20:40:29.621,1.7922,1.79247,1.10,1.37
2014.04.16 20:40:33.057,1.79215,1.79247,2.25,1.37
2014.04.16 20:40:33.945,1.79217,1.7925,1.25,1.20
2014.04.16 20:40:41.582,1.79218,1.79247,1.50,1.25
2014.04.16 20:40:42.150,1.79218,1.79247,1.50,1.32
2014.04.16 20:40:42.675,1.79218,1.79244,1.50,1.10
2014.04.16 20:40:42.839,1.79215,1.79244,1.58,1.10
2014.04.16 20:40:43.025,1.79215,1.79245,3.08,1.02
2014.04.16 20:40:43.318,1.79215,1.79245,2.25,1.02
2014.04.16 20:40:45.283,1.79217,1.79245,2.33,1.02
2014.04.16 20:40:45.789,1.7922,1.79246,2.25,1.10
2014.04.16 20:40:52.693,1.7922,1.79246,1.58,1.10
2014.04.16 20:40:53.218,1.7922,1.79247,1.15,1.00
2014.04.16 20:40:53.724,1.7922,1.79247,2.25,1.00
2014.04.16 20:40:56.156,1.79218,1.79247,1.50,1.25
2014.04.16 20:40:56.207,1.79215,1.79247,3.08,1.33
2014.04.16 20:40:56.260,1.79215,1.79247,1.58,1.40
2014.04.16 20:40:56.419,1.79211,1.79246,3.08,1.20
2014.04.16 20:40:56.627,1.79211,1.79244,1.58,1.02
2014.04.16 20:40:58.182,1.79212,1.79245,2.33,1.23
2014.04.16 20:40:58.233,1.79215,1.79247,1.50,1.74
2014.04.16 20:40:58.563,1.79212,1.79246,1.50,1.32
2014.04.16 20:40:58.614,1.79211,1.79246,1.50,1.39
2014.04.16 20:41:13.741,1.79218,1.79247,2.25,1.88
2014.04.16 20:41:13.792,1.79221,1.79247,1.50,1.38
2014.04.16 20:41:15.763,1.79221,1.79247,1.50,1.00
2014.04.16 20:41:15.814,1.79224,1.79249,1.50,1.29
2014.04.16 20:41:16.643,1.79224,1.79249,1.50,1.02
2014.04.16 20:41:16.980,1.79221,1.79249,1.50,1.02
2014.04.16 20:41:19.092,1.79221,1.79247,1.50,1.00
2014.04.16 20:41:23.821,1.79221,1.7925,1.50,1.29
2014.04.16 20:41:24.935,1.79221,1.7925,1.50,1.10
2014.04.16 20:41:28.653,1.79221,1.7925,1.50,1.29
2014.04.16 20:41:31.665,1.79221,1.7925,1.50,1.02
2014.04.16 20:41:35.678,1.79221,1.7925,1.50,1.29
2014.04.16 20:41:37.521,1.79221,1.7925,1.50,1.29
2014.04.16 20:41:38.037,1.79222,1.7925,1.50,1.02
2014.04.16 20:41:45.313,1.79226,1.7925,1.50,1.10
2014.04.16 20:41:54.123,1.79226,1.79258,1.50,1.54
2014.04.16 20:41:58.302,1.79226,1.79258,1.50,1.63
2014.04.16 20:41:58.864,1.79223,1.79257,1.50,1.39
2014.04.16 20:42:03.530,1.79223,1.79257,1.50,1.39
2014.04.16 20:42:04.902,1.79223,1.79255,1.50,2.29
2014.04.16 20:42:05.104,1.79223,1.79255,1.50,2.10
2014.04.16 20:42:11.014,1.79223,1.79256,1.50,1.74
2014.04.16 20:42:16.765,1.79225,1.79256,1.50,1.10
2014.04.16 20:42:16.867,1.79233,1.79265,1.75,2.70
2014.04.16 20:42:16.918,1.79233,1.79268,2.25,1.50
2014.04.16 20:42:16.969,1.79234,1.7927,2.33,1.20
2014.04.16 20:42:17.020,1.79237,1.79272,1.50,1.50
2014.04.16 20:42:17.071,1.79234,1.79271,1.50,2.33
2014.04.16 20:42:17.121,1.79233,1.79268,2.63,1.50
2014.04.16 20:42:17.425,1.79236,1.79268,1.45,1.50
2014.04.16 20:42:17.577,1.79236,1.79269,1.53,1.50
2014.04.16 20:42:18.403,1.79236,1.79269,1.53,1.50
2014.04.16 20:42:21.223,1.79241,1.79272,2.25,2.25
2014.04.16 20:42:21.325,1.79246,1.7928,1.50,1.08
2014.04.16 20:42:21.426,1.79249,1.79284,1.50,1.50
2014.04.16 20:42:26.790,1.79253,1.79283,1.08,1.28
2014.04.16 20:42:26.841,1.79252,1.79283,1.50,1.20
2014.04.16 20:42:27.141,1.79252,1.7928,1.50,1.10
2014.04.16 20:42:27.293,1.79248,1.7928,1.50,1.28
2014.04.16 20:42:33.008,1.79249,1.79283,1.50,1.65
2014.04.16 20:42:33.059,1.79251,1.79283,1.50,1.25
2014.04.16 20:42:33.928,1.79252,1.79283,1.50,1.18
2014.04.16 20:42:33.979,1.79254,1.7929,1.50,1.50
2014.04.16 20:42:37.238,1.79255,1.79292,1.50,1.50
2014.04.16 20:42:37.289,1.79257,1.79292,1.50,1.50
2014.04.16 20:42:40.084,1.79254,1.7929,2.25,1.50
2014.04.16 20:42:40.738,1.79251,1.79285,1.58,1.50
2014.04.16 20:42:40.839,1.79251,1.79283,1.18,1.50
2014.04.16 20:42:40.889,1.79254,1.79283,1.00,1.50
2014.04.16 20:42:40.960,1.79249,1.79283,1.15,1.50
2014.04.16 20:42:44.871,1.79251,1.79284,1.08,1.50
2014.04.16 20:42:45.393,1.79255,1.79285,1.10,1.50
2014.04.16 20:42:45.713,1.79255,1.79288,1.15,1.20
2014.04.16 20:42:56.222,1.79255,1.79291,1.83,1.50
2014.04.16 20:42:56.273,1.79256,1.79291,1.50,1.50
2014.04.16 20:42:58.154,1.79256,1.7929,1.50,1.20
2014.04.16 20:42:59.049,1.79255,1.79286,1.18,1.20
2014.04.16 20:43:00.783,1.7925,1.79283,1.58,1.20
2014.04.16 20:43:04.338,1.79255,1.79283,1.00,1.20
2014.04.16 20:43:04.440,1.79255,1.79286,1.15,1.20
2014.04.16 20:43:05.496,1.79255,1.79286,1.15,1.45
2014.04.16 20:43:06.291,1.79255,1.79289,1.58,1.20
2014.04.16 20:43:14.447,1.7926,1.79289,1.00,1.20
2014.04.16 20:43:15.360,1.79255,1.79289,1.58,1.20
2014.04.16 20:43:16.945,1.7926,1.79289,1.00,1.20
2014.04.16 20:43:17.947,1.79254,1.79289,1.50,1.20
2014.04.16 20:43:18.940,1.7926,1.79289,1.00,1.20
2014.04.16 20:43:20.024,1.79255,1.79289,1.58,1.20
2014.04.16 20:43:20.545,1.7926,1.79289,1.00,1.20
2014.04.16 20:43:20.647,1.79255,1.79283,1.00,1.20
2014.04.16 20:43:20.698,1.7926,1.79283,1.00,1.20
2014.04.16 20:43:20.749,1.7926,1.79287,1.00,1.20
2014.04.16 20:43:23.899,1.79255,1.79287,1.15,1.20
2014.04.16 20:43:24.050,1.79255,1.79287,1.15,1.20
2014.04.16 20:43:25.672,1.79256,1.79287,1.15,1.20
2014.04.16 20:43:25.722,1.7926,1.79287,1.00,1.20
2014.04.16 20:43:26.037,1.7926,1.79291,1.15,1.53
2014.04.16 20:43:28.808,1.79256,1.79287,1.83,1.13
2014.04.16 20:43:28.858,1.79256,1.79287,1.18,1.20
2014.04.16 20:43:28.960,1.79256,1.79283,1.00,1.20
2014.04.16 20:43:29.061,1.79253,1.79283,1.18,1.20
2014.04.16 20:43:29.162,1.79253,1.79282,1.18,1.53
2014.04.16 20:43:29.465,1.79253,1.79273,1.00,1.20
2014.04.16 20:43:29.516,1.7925,1.79273,1.00,1.20
2014.04.16 20:43:30.019,1.79238,1.79273,3.00,1.20
2014.04.16 20:43:30.931,1.79238,1.79273,3.00,1.20
2014.04.16 20:43:32.910,1.79238,1.7927,1.58,1.45
2014.04.16 20:43:33.803,1.79236,1.7927,2.33,1.20
2014.04.16 20:43:33.954,1.79239,1.79274,1.20,1.50
2014.04.16 20:43:34.005,1.79238,1.7927,1.20,1.08
2014.04.16 20:43:34.056,1.79236,1.79271,1.20,1.50
2014.04.16 20:43:34.107,1.79237,1.79269,1.20,2.33
2014.04.16 20:43:34.157,1.79237,1.79266,1.13,1.50
2014.04.16 20:43:34.784,1.79236,1.79266,1.20,1.50
2014.04.16 20:43:35.885,1.79241,1.79265,1.10,1.20
2014.04.16 20:43:38.241,1.79241,1.79268,1.10,1.20
2014.04.16 20:43:38.292,1.79241,1.79269,1.10,1.20
2014.04.16 20:43:38.494,1.79241,1.79271,1.28,1.20
2014.04.16 20:43:40.864,1.79241,1.79275,2.33,1.20
2014.04.16 20:43:42.889,1.79241,1.79272,1.25,1.20
2014.04.16 20:43:44.931,1.79241,1.7927,1.18,1.20
2014.04.16 20:43:44.981,1.79241,1.79269,1.10,1.20
2014.04.16 20:43:45.090,1.79241,1.79273,1.25,1.20
2014.04.16 20:43:45.930,1.79238,1.79273,1.50,1.20
2014.04.16 20:43:46.031,1.79235,1.79269,3.08,1.45
2014.04.16 20:43:46.082,1.79235,1.79268,1.15,1.20
2014.04.16 20:43:46.485,1.79234,1.79268,1.50,1.08
2014.04.16 20:43:46.536,1.79237,1.79271,1.50,1.20
2014.04.16 20:43:47.456,1.79238,1.7927,1.08,1.20
2014.04.16 20:43:47.507,1.79234,1.79269,1.50,1.20
2014.04.16 20:43:51.859,1.79239,1.79269,1.08,1.13
2014.04.16 20:43:51.910,1.79239,1.79274,1.50,1.20
2014.04.16 20:43:54.362,1.79244,1.79275,1.08,1.20
2014.04.16 20:43:54.413,1.79244,1.79278,1.50,1.20
2014.04.16 20:44:00.215,1.79248,1.79279,1.08,1.20
2014.04.16 20:44:00.547,1.79245,1.79279,1.50,1.20
2014.04.16 20:44:02.176,1.79245,1.79279,1.50,1.20
2014.04.16 20:44:02.887,1.79245,1.7928,1.50,1.20
2014.04.16 20:44:11.569,1.79247,1.79282,1.50,1.20
2014.04.16 20:44:11.770,1.79243,1.79277,1.50,1.20
2014.04.16 20:44:15.022,1.79246,1.7928,1.50,1.20
2014.04.16 20:44:15.124,1.79246,1.7928,1.50,1.20
2014.04.16 20:44:35.193,1.79244,1.79279,1.50,1.20
2014.04.16 20:44:41.295,1.79238,1.79283,1.50,1.20
2014.04.16 20:44:47.099,1.79238,1.79284,1.50,1.50
2014.04.16 20:44:47.149,1.79235,1.79261,1.00,1.50
2014.04.16 20:44:47.251,1.79235,1.79268,1.00,1.10
2014.04.16 20:44:47.352,1.79229,1.79266,1.08,2.44
2014.04.16 20:44:47.673,1.79229,1.7925,1.00,1.08
2014.04.16 20:44:47.926,1.79215,1.7925,1.10,1.50
2014.04.16 20:44:48.027,1.79215,1.79255,1.10,1.50
2014.04.16 20:44:48.078,1.79217,1.79259,2.25,2.25
2014.04.16 20:44:48.128,1.7922,1.79264,1.50,1.15
2014.04.16 20:44:48.230,1.79223,1.79264,1.50,1.10
2014.04.16 20:44:48.381,1.79225,1.79272,1.50,1.50
2014.04.16 20:44:49.799,1.79225,1.79271,2.25,1.20
2014.04.16 20:44:50.102,1.79225,1.7927,1.50,1.53
2014.04.16 20:44:50.677,1.79224,1.79268,2.25,1.45
2014.04.16 20:44:50.980,1.79224,1.79268,1.58,1.20
2014.04.16 20:44:51.031,1.79228,1.79274,1.50,1.20
2014.04.16 20:44:51.133,1.79228,1.79274,1.50,1.20
2014.04.16 20:44:51.234,1.79228,1.79274,1.50,1.20
2014.04.16 20:44:51.756,1.79228,1.79274,1.50,1.20
2014.04.16 20:44:52.311,1.79228,1.79274,1.50,1.20
2014.04.16 20:44:52.664,1.79233,1.79276,1.25,1.95
2014.04.16 20:44:53.087,1.79233,1.79276,1.25,1.20
2014.04.16 20:44:53.239,1.79229,1.79275,1.83,1.20
2014.04.16 20:44:53.290,1.79229,1.79273,1.15,1.50
2014.04.16 20:44:53.492,1.79229,1.79275,1.50,1.20
2014.04.16 20:44:53.694,1.79232,1.79275,1.20,1.45
2014.04.16 20:44:53.846,1.79233,1.79278,1.50,1.20
2014.04.16 20:44:56.746,1.79233,1.79277,1.50,1.53
2014.04.16 20:44:59.212,1.79236,1.79277,1.50,1.48
2014.04.16 20:44:59.556,1.79236,1.79277,1.50,1.48
2014.04.16 20:45:01.429,1.79233,1.79277,1.50,1.53
2014.04.16 20:45:02.826,1.79234,1.79258,1.08,2.99
2014.04.16 20:45:03.082,1.79234,1.79269,1.50,1.00
2014.04.16 20:45:03.233,1.79234,1.79278,1.50,1.53
2014.04.16 20:45:03.460,1.79229,1.79274,1.50,1.20
2014.04.16 20:45:03.856,1.79226,1.7927,2.33,1.45
2014.04.16 20:45:03.907,1.79225,1.79269,1.58,1.20
2014.04.16 20:45:04.311,1.79225,1.79269,1.50,1.45
2014.04.16 20:45:04.362,1.79227,1.79272,1.50,1.20
2014.04.16 20:45:04.884,1.79226,1.79271,1.50,1.20
2014.04.16 20:45:06.397,1.79223,1.79268,1.50,1.20
2014.04.16 20:45:08.029,1.79217,1.79263,2.25,1.50
2014.04.16 20:45:08.588,1.79222,1.79268,1.50,1.50
2014.04.16 20:45:10.411,1.79219,1.79266,1.50,1.50
2014.04.16 20:45:13.109,1.79216,1.79261,2.40,1.50
2014.04.16 20:45:13.210,1.79219,1.79266,1.50,1.50
2014.04.16 20:45:15.506,1.79216,1.79262,2.25,1.50
2014.04.16 20:45:17.779,1.79213,1.7926,1.88,1.50
2014.04.16 20:45:22.220,1.79214,1.79259,1.08,1.50
2014.04.16 20:45:22.271,1.79212,1.79256,1.15,1.50
2014.04.16 20:45:23.161,1.7921,1.79252,1.95,1.08
2014.04.16 20:45:23.776,1.7921,1.79253,1.53,1.50
2014.04.16 20:45:25.605,1.79211,1.79255,1.55,1.50
2014.04.16 20:45:25.707,1.7921,1.79256,1.95,1.50
2014.04.16 20:45:27.460,1.7921,1.79255,1.58,1.50
2014.04.16 20:45:27.510,1.7921,1.79253,1.15,1.50
2014.04.16 20:45:28.013,1.79208,1.79253,1.95,1.50
2014.04.16 20:45:28.771,1.79211,1.79255,1.45,1.50
2014.04.16 20:45:28.822,1.79211,1.79256,1.20,1.50
2014.04.16 20:45:31.815,1.79208,1.79251,1.20,1.08
2014.04.16 20:45:31.966,1.79206,1.7925,1.08,1.50
2014.04.16 20:45:32.068,1.79204,1.79248,1.15,1.50
2014.04.16 20:45:32.169,1.79204,1.79248,3.08,1.08
2014.04.16 20:45:32.220,1.79207,1.79253,1.50,1.50
2014.04.16 20:45:37.134,1.79204,1.79248,2.33,1.08
2014.04.16 20:45:37.185,1.79203,1.79248,1.58,1.50
2014.04.16 20:45:41.954,1.79202,1.7925,1.50,1.98
2014.04.16 20:45:42.005,1.79204,1.79251,1.50,1.50
2014.04.16 20:45:46.984,1.79207,1.79253,1.50,1.50
2014.04.16 20:45:48.791,1.79204,1.79251,1.50,1.50
2014.04.16 20:45:52.880,1.79201,1.79248,1.88,1.50
2014.04.16 20:45:53.197,1.792,1.79245,1.20,1.50
2014.04.16 20:45:54.189,1.79202,1.79248,1.50,1.50
2014.04.16 20:46:14.473,1.79202,1.79248,1.50,1.50
2014.04.16 20:46:16.217,1.792,1.79248,1.50,2.33
2014.04.16 20:46:16.383,1.79202,1.79248,1.50,1.50
2014.04.16 20:46:18.980,1.79199,1.79246,2.33,1.95
2014.04.16 20:46:19.031,1.79197,1.79244,1.50,1.50
2014.04.16 20:46:25.828,1.79196,1.7924,1.50,1.08
2014.04.16 20:46:26.209,1.79192,1.79237,1.20,1.50
2014.04.16 20:46:42.851,1.7919,1.79236,1.85,1.50
2014.04.16 20:46:42.902,1.7919,1.79233,1.18,1.50
2014.04.16 20:46:44.818,1.79187,1.79232,1.20,1.50
2014.04.16 20:46:44.869,1.79186,1.7923,1.63,1.50
2014.04.16 20:46:44.970,1.79182,1.79228,1.30,1.50
2014.04.16 20:46:45.475,1.79182,1.7923,1.50,1.50
2014.04.16 20:46:45.526,1.79184,1.7923,1.50,1.50
2014.04.16 20:46:47.706,1.79187,1.79233,1.50,1.50
2014.04.16 20:47:10.270,1.79188,1.79232,1.08,1.50
2014.04.16 20:47:10.321,1.79184,1.7923,1.50,1.50
2014.04.16 20:47:14.432,1.79182,1.79228,1.30,1.50
2014.04.16 20:47:20.912,1.79184,1.7923,1.50,1.50
2014.04.16 20:47:29.732,1.79187,1.79233,1.50,1.50
2014.04.16 20:47:30.061,1.79191,1.79235,1.08,2.25
2014.04.16 20:47:30.145,1.7919,1.79235,1.50,1.58
2014.04.16 20:47:35.826,1.79191,1.79235,1.08,2.25
2014.04.16 20:47:35.877,1.79187,1.79233,1.50,1.50
2014.04.16 20:47:40.722,1.79184,1.79232,1.50,2.33
2014.04.16 20:47:40.773,1.79183,1.79229,1.50,1.50
2014.04.16 20:47:43.521,1.79184,1.79228,1.50,1.08
2014.04.16 20:47:43.572,1.79186,1.79232,1.50,1.50
2014.04.16 20:47:45.684,1.79183,1.79231,2.33,1.50
2014.04.16 20:47:45.735,1.79182,1.79228,2.63,1.50
2014.04.16 20:47:45.786,1.79187,1.79227,2.33,1.50
2014.04.16 20:47:46.383,1.79191,1.79226,1.50,1.50
2014.04.16 20:47:48.860,1.79195,1.79228,1.08,1.50
2014.04.16 20:47:48.911,1.79194,1.79229,1.50,1.50
2014.04.16 20:47:59.220,1.79194,1.79231,1.50,1.50
2014.04.16 20:47:59.271,1.79196,1.79232,1.50,1.50
2014.04.16 20:48:03.287,1.79194,1.79231,1.50,1.50
2014.04.16 20:48:03.338,1.79194,1.79229,1.50,1.50
2014.04.16 20:48:17.276,1.79192,1.79229,1.50,1.50
2014.04.16 20:48:17.377,1.79191,1.79227,1.50,1.50
2014.04.16 20:48:18.384,1.79195,1.79228,1.08,1.50
2014.04.16 20:48:18.932,1.79194,1.79229,1.50,1.50
2014.04.16 20:48:20.330,1.79192,1.79229,1.50,1.50
2014.04.16 20:48:20.381,1.79191,1.79227,1.50,1.50
2014.04.16 20:48:26.423,1.79195,1.79229,1.08,1.50
2014.04.16 20:48:26.474,1.79194,1.7923,1.50,1.50
2014.04.16 20:48:26.676,1.79199,1.79235,1.50,1.50
2014.04.16 20:48:28.380,1.79197,1.79234,1.50,1.50
2014.04.16 20:48:28.431,1.79197,1.79232,1.50,1.50
2014.04.16 20:48:34.115,1.792,1.79235,1.50,1.50
2014.04.16 20:48:34.216,1.79209,1.79243,1.50,1.15
2014.04.16 20:48:34.469,1.79215,1.79249,1.50,1.72
2014.04.16 20:48:35.013,1.79213,1.79248,1.50,1.88
2014.04.16 20:48:36.299,1.7921,1.79246,1.50,1.50
2014.04.16 20:48:37.418,1.79208,1.79243,1.50,1.50
2014.04.16 20:48:39.912,1.79205,1.79241,1.50,1.50
2014.04.16 20:48:41.837,1.79206,1.7924,1.50,1.08
2014.04.16 20:48:41.888,1.79208,1.79244,1.50,1.50
2014.04.16 20:48:42.345,1.79208,1.79236,1.50,1.10
2014.04.16 20:48:42.547,1.79201,1.79236,1.50,1.65
2014.04.16 20:48:53.014,1.79204,1.79236,1.50,1.25
2014.04.16 20:48:57.855,1.79204,1.79233,1.50,1.10
2014.04.16 20:49:01.391,1.79204,1.79238,1.50,1.20
2014.04.16 20:49:01.750,1.79205,1.79238,1.50,1.20
2014.04.16 20:49:01.851,1.79207,1.79241,1.50,2.03
2014.04.16 20:49:02.053,1.79204,1.7924,1.50,1.50
2014.04.16 20:49:11.925,1.79201,1.79238,1.50,2.33
2014.04.16 20:49:11.976,1.792,1.79235,1.50,1.50
2014.04.16 20:49:16.229,1.79204,1.79238,1.08,1.88
2014.04.16 20:49:16.280,1.79203,1.79238,1.50,1.20
2014.04.16 20:49:36.513,1.79202,1.79238,1.50,1.83
2014.04.16 20:49:37.230,1.79201,1.79237,1.50,1.50
2014.04.16 20:49:40.018,1.79197,1.79232,1.50,1.50
2014.04.16 20:49:40.253,1.79199,1.79234,1.50,1.58
2014.04.16 20:49:54.052,1.79197,1.79234,1.50,1.50
2014.04.16 20:49:54.103,1.79197,1.79232,1.50,1.50
2014.04.16 20:49:59.446,1.79198,1.79231,1.08,1.50
2014.04.16 20:49:59.548,1.79194,1.7923,1.50,1.50
2014.04.16 20:50:06.031,1.79197,1.79233,1.50,1.50
2014.04.16 20:50:12.765,1.79198,1.79235,1.50,1.50
2014.04.16 20:50:12.816,1.792,1.79235,1.50,1.50
2014.04.16 20:50:13.094,1.79202,1.79238,1.50,1.50
2014.04.16 20:50:33.188,1.79201,1.79237,1.50,1.50
2014.04.16 20:50:38.063,1.79196,1.7923,1.20,1.50
2014.04.16 20:50:38.370,1.79201,1.79236,1.50,1.88
2014.04.16 20:50:39.138,1.79198,1.79234,1.50,1.50
2014.04.16 20:50:40.336,1.79202,1.79237,1.50,1.20
2014.04.16 20:51:00.307,1.792,1.79236,1.50,1.50
2014.04.16 20:51:03.996,1.79197,1.79232,1.50,1.50
2014.04.16 20:51:08.739,1.79197,1.79234,1.50,1.50
2014.04.16 20:51:08.790,1.79199,1.79235,1.50,1.50
2014.04.16 20:51:20.031,1.79203,1.79236,1.08,1.50
2014.04.16 20:51:20.599,1.79202,1.79237,1.50,1.50
2014.04.16 20:51:23.310,1.79199,1.79232,2.33,1.08
2014.04.16 20:51:23.414,1.79197,1.79232,1.50,1.50
2014.04.16 20:51:28.866,1.79196,1.79231,1.50,1.50
2014.04.16 20:51:37.336,1.79199,1.79235,1.50,1.50
2014.04.16 20:51:41.992,1.79204,1.79238,1.25,1.50
2014.04.16 20:51:42.294,1.79209,1.79243,1.65,1.50
2014.04.16 20:51:42.647,1.79211,1.79246,1.50,1.50
2014.04.16 20:51:45.973,1.79209,1.79242,1.25,1.50
2014.04.16 20:51:46.853,1.79209,1.79238,1.10,1.50
2014.04.16 20:51:46.954,1.79209,1.79241,1.28,1.50
2014.04.16 20:51:48.982,1.79209,1.79242,1.65,1.50
2014.04.16 20:51:49.662,1.79209,1.79243,1.65,1.50
2014.04.16 20:51:53.249,1.79209,1.7924,1.28,1.50
2014.04.16 20:51:54.040,1.79209,1.79243,1.65,1.50
2014.04.16 20:51:54.378,1.79209,1.79241,1.28,1.50
2014.04.16 20:51:54.479,1.79209,1.79243,1.65,1.50
2014.04.16 20:51:58.224,1.79209,1.79242,1.58,1.50
2014.04.16 20:51:58.275,1.79209,1.79239,1.20,1.50
2014.04.16 20:52:04.946,1.79209,1.79242,1.18,1.50
2014.04.16 20:52:05.048,1.79209,1.79243,1.25,1.50
2014.04.16 20:52:25.133,1.79209,1.79243,1.65,1.50
2014.04.16 20:52:25.359,1.79211,1.79246,1.50,1.50
2014.04.16 20:52:27.133,1.79209,1.79246,2.33,1.50
2014.04.16 20:52:27.183,1.79209,1.79244,1.65,1.50
2014.04.16 20:52:29.986,1.79205,1.79242,2.33,2.33
2014.04.16 20:52:30.037,1.79203,1.79238,1.50,1.50
2014.04.16 20:52:36.176,1.79203,1.79237,1.08,2.33
2014.04.16 20:52:36.277,1.79201,1.79234,1.25,1.50
2014.04.16 20:52:36.530,1.79201,1.7923,1.28,1.08
2014.04.16 20:52:37.106,1.79196,1.79231,1.50,1.50
2014.04.16 20:52:43.006,1.79194,1.79227,1.50,1.08
2014.04.16 20:52:43.057,1.79193,1.79228,2.33,1.50
2014.04.16 20:53:01.066,1.79192,1.79223,1.28,1.50
2014.04.16 20:53:06.167,1.79192,1.79222,1.18,1.50
2014.04.16 20:53:06.905,1.79192,1.79221,1.10,1.50
2014.04.16 20:53:09.416,1.79192,1.79216,1.10,1.50
2014.04.16 20:53:09.695,1.79189,1.79216,1.10,1.50
2014.04.16 20:53:25.871,1.79189,1.79221,1.25,1.50
2014.04.16 20:53:27.173,1.79189,1.79224,1.65,1.50
2014.04.16 20:53:38.139,1.79192,1.79224,1.20,1.08
2014.04.16 20:53:38.190,1.79192,1.79229,1.10,1.50
2014.04.16 20:53:58.257,1.79192,1.79229,1.10,1.50
2014.04.16 20:54:06.777,1.79192,1.79233,1.18,1.50
2014.04.16 20:54:06.878,1.79192,1.79234,1.28,1.50
2014.04.16 20:54:07.412,1.79192,1.7923,1.20,1.08
2014.04.16 20:54:07.462,1.79189,1.79231,1.28,1.50
2014.04.16 20:54:07.563,1.79189,1.79227,1.10,1.20
2014.04.16 20:54:08.351,1.79189,1.79228,1.48,1.50
2014.04.16 20:54:08.878,1.79189,1.79228,1.10,1.50
2014.04.16 20:54:09.882,1.79192,1.79228,1.10,1.50
2014.04.16 20:54:10.084,1.79192,1.79233,1.10,1.50
2014.04.16 20:54:15.939,1.79192,1.79231,1.10,1.20
2014.04.16 20:54:16.242,1.79192,1.79225,1.48,1.50
2014.04.16 20:54:16.343,1.79197,1.79231,1.38,1.50
2014.04.16 20:54:16.445,1.79193,1.79234,1.50,1.48
2014.04.16 20:54:16.546,1.79193,1.79228,1.00,1.20
2014.04.16 20:54:16.647,1.79198,1.79228,1.00,1.20
2014.04.16 20:54:16.799,1.79198,1.79235,1.55,1.10
2014.04.16 20:54:16.950,1.79193,1.79233,1.75,2.25
2014.04.16 20:54:17.001,1.79193,1.7923,1.00,1.50
2014.04.16 20:54:17.109,1.79189,1.7923,1.65,1.50
2014.04.16 20:54:17.864,1.79189,1.7923,2.03,1.50
2014.04.16 20:54:21.987,1.79189,1.7923,2.03,1.50
2014.04.16 20:54:23.634,1.79189,1.79229,1.10,1.20
2014.04.16 20:54:23.684,1.79189,1.79229,1.10,1.88
2014.04.16 20:54:23.836,1.79184,1.79226,1.28,1.50
2014.04.16 20:54:25.014,1.79184,1.79226,1.65,1.50
2014.04.16 20:54:25.284,1.79184,1.79229,2.03,1.20
2014.04.16 20:54:29.877,1.79181,1.79227,1.50,1.20
2014.04.16 20:54:29.927,1.79181,1.79227,1.50,1.88
2014.04.16 20:54:50.320,1.79183,1.79228,2.03,1.50
2014.04.16 20:54:52.647,1.79183,1.79227,1.28,3.08
2014.04.16 20:54:52.748,1.79183,1.79224,1.20,1.50
2014.04.16 20:54:56.140,1.79184,1.79224,1.10,1.50
2014.04.16 20:55:05.097,1.79184,1.79227,1.18,2.33
2014.04.16 20:55:05.148,1.79184,1.7923,1.65,1.50
2014.04.16 20:55:05.451,1.79184,1.79226,1.65,1.50
2014.04.16 20:55:05.502,1.79184,1.79226,1.28,1.50
2014.04.16 20:55:05.552,1.79184,1.79229,1.93,2.33
2014.04.16 20:55:05.638,1.79186,1.79232,1.50,1.50
2014.04.16 20:55:06.874,1.79191,1.79235,1.20,3.08
2014.04.16 20:55:06.925,1.79192,1.79235,1.50,1.15
2014.04.16 20:55:27.538,1.79192,1.79236,1.50,1.15
2014.04.16 20:55:30.023,1.79196,1.79242,1.50,1.50
2014.04.16 20:55:35.885,1.79197,1.7924,1.20,1.18
2014.04.16 20:55:35.955,1.79198,1.7924,1.50,1.10
2014.04.16 20:55:37.775,1.79198,1.79237,1.50,1.00
2014.04.16 20:55:38.269,1.79198,1.79235,1.50,1.00
2014.04.16 20:55:38.894,1.79198,1.79237,1.50,1.00
2014.04.16 20:55:39.401,1.79198,1.79236,1.50,1.00
2014.04.16 20:55:41.900,1.79198,1.7924,1.50,1.10
2014.04.16 20:55:42.459,1.79198,1.79238,1.50,1.00
2014.04.16 20:55:46.293,1.79202,1.79238,1.08,1.00
2014.04.16 20:55:46.444,1.7919,1.79236,1.50,1.50
2014.04.16 20:55:47.586,1.79194,1.79238,1.08,1.50
2014.04.16 20:55:47.637,1.79193,1.79239,1.50,2.25
2014.04.16 20:55:51.092,1.79196,1.79239,1.50,1.15
2014.04.16 20:55:52.412,1.7921,1.79237,1.50,1.00
2014.04.16 20:55:52.855,1.7921,1.79239,1.50,1.00
2014.04.16 20:55:59.541,1.79204,1.79239,1.50,1.00
2014.04.16 20:55:59.642,1.79202,1.79239,1.50,1.00
2014.04.16 20:56:00.165,1.79202,1.79238,1.50,1.00
2014.04.16 20:56:00.675,1.79202,1.79239,1.50,1.00
2014.04.16 20:56:01.611,1.79202,1.79237,1.50,1.00
2014.04.16 20:56:02.145,1.79202,1.79239,1.50,1.00
2014.04.16 20:56:02.705,1.79202,1.79238,1.50,1.00
2014.04.16 20:56:03.253,1.79202,1.79239,1.50,1.00
2014.04.16 20:56:04.858,1.79202,1.79242,1.50,1.00
2014.04.16 20:56:04.959,1.79205,1.79242,1.50,1.00
2014.04.16 20:56:05.513,1.79205,1.79241,1.50,1.00
2014.04.16 20:56:11.716,1.79205,1.79242,1.50,1.00
2014.04.16 20:56:12.219,1.79205,1.79241,1.50,1.00
2014.04.16 20:56:13.425,1.79205,1.79238,1.50,1.00
2014.04.16 20:56:13.926,1.79205,1.79239,1.50,1.00
2014.04.16 20:56:14.475,1.79205,1.79241,1.50,1.00
2014.04.16 20:56:23.110,1.79196,1.79241,1.58,2.25
2014.04.16 20:56:33.433,1.792,1.79242,1.08,1.85
2014.04.16 20:56:33.484,1.792,1.79242,1.50,1.18
2014.04.16 20:56:39.018,1.79202,1.79244,2.33,1.08
2014.04.16 20:56:39.226,1.79201,1.79244,1.50,1.15
2014.04.16 20:56:39.327,1.79197,1.79242,2.33,2.25
2014.04.16 20:56:39.428,1.79197,1.79241,1.45,1.50
2014.04.16 20:56:39.529,1.79197,1.79242,1.20,2.25
2014.04.16 20:56:49.049,1.79199,1.79243,2.33,1.75
2014.04.16 20:56:49.100,1.79203,1.79243,1.50,1.00
2014.04.16 20:56:50.406,1.79203,1.79244,1.50,1.10
2014.04.16 20:56:52.461,1.79206,1.79252,1.50,1.98
2014.04.16 20:56:52.768,1.79201,1.79247,1.50,2.44
2014.04.16 20:56:52.919,1.79199,1.79243,1.15,1.50
2014.04.16 20:56:53.675,1.79199,1.79246,1.00,1.50
2014.04.16 20:56:58.926,1.79199,1.79248,1.75,1.13
2014.04.16 20:56:58.977,1.79201,1.7925,1.50,1.10
2014.04.16 20:57:00.033,1.79199,1.7925,1.50,1.15
2014.04.16 20:57:00.336,1.79202,1.7925,1.50,1.10
2014.04.16 20:57:03.103,1.79205,1.7925,1.50,1.00
2014.04.16 20:57:16.451,1.79205,1.7925,1.50,1.19
2014.04.16 20:57:17.868,1.79205,1.7925,1.50,1.00
2014.04.16 20:57:22.720,1.79197,1.79245,1.10,1.50
2014.04.16 20:57:23.540,1.79197,1.79248,1.18,2.33
2014.04.16 20:57:23.591,1.79197,1.79249,1.58,1.50
2014.04.16 20:57:28.584,1.79197,1.79249,1.95,1.50
2014.04.16 20:57:29.041,1.79207,1.7925,1.50,1.00
2014.04.16 20:57:32.721,1.79207,1.7925,1.50,1.38
2014.04.16 20:57:32.822,1.79197,1.79248,1.15,1.50
2014.04.16 20:57:36.204,1.79197,1.79246,1.10,1.50
2014.04.16 20:57:43.112,1.79197,1.7925,1.50,1.50
2014.04.16 20:57:57.189,1.79197,1.79249,1.50,1.02
2014.04.16 20:57:58.698,1.79198,1.7925,1.20,1.98
2014.04.16 20:58:03.145,1.79197,1.7925,1.20,1.98
2014.04.16 20:58:03.626,1.79195,1.79249,1.83,1.98
2014.04.16 20:58:03.677,1.79195,1.79247,1.58,1.50
2014.04.16 20:58:15.426,1.79195,1.79248,1.50,1.02
2014.04.16 20:58:15.528,1.79198,1.79251,1.50,1.50
2014.04.16 20:58:19.999,1.79195,1.79245,2.33,1.13
2014.04.16 20:58:20.050,1.79192,1.79244,1.50,1.20
2014.04.16 20:58:33.800,1.79195,1.79249,2.33,3.15
2014.04.16 20:58:33.851,1.79198,1.79249,1.50,1.25
2014.04.16 20:58:33.953,1.79205,1.79249,2.25,1.28
2014.04.16 20:58:34.104,1.79205,1.79249,1.50,1.48
2014.04.16 20:58:34.155,1.79202,1.79249,1.20,1.55
2014.04.16 20:58:34.206,1.79199,1.79249,1.20,1.63
2014.04.16 20:58:34.588,1.79195,1.79249,1.50,1.93
2014.04.16 20:58:34.638,1.79194,1.79247,1.50,1.50
2014.04.16 20:58:36.708,1.792,1.79247,1.38,1.50
2014.04.16 20:58:36.809,1.79202,1.79254,1.20,1.50
2014.04.16 20:58:36.861,1.79204,1.79258,2.33,2.33
2014.04.16 20:58:36.911,1.79207,1.7926,1.50,1.50
2014.04.16 20:58:39.181,1.79207,1.79259,2.33,1.20
2014.04.16 20:58:39.690,1.7921,1.79263,1.50,1.20
2014.04.16 20:58:44.573,1.7921,1.79263,1.50,1.20
2014.04.16 20:58:44.675,1.79208,1.7926,1.50,1.20
2014.04.16 20:58:51.486,1.79207,1.79258,1.25,1.88
2014.04.16 20:58:56.338,1.79212,1.79258,1.10,1.88
2014.04.16 20:59:00.865,1.79212,1.79263,1.65,1.02
2014.04.16 20:59:01.513,1.79212,1.79255,0.10,0.10
2014.04.16 20:59:01.955,1.79208,1.79251,0.10,0.10
2014.04.16 20:59:04.461,1.79207,1.79248,0.83,0.10
2014.04.16 20:59:24.489,1.79207,1.79249,0.90,0.10
2014.04.16 20:59:24.910,1.79216,1.7925,0.83,0.10
2014.04.16 20:59:42.356,1.79216,1.79247,0.83,0.10
2014.04.16 20:59:55.234,1.79216,1.79248,0.83,0.10
2014.04.16 20:59:55.285,1.79216,1.79251,0.83,0.10
2014.04.16 20:59:57.443,1.79216,1.79254,0.83,0.10
2014.04.16 20:59:59.154,1.79225,1.79254,0.83,0.10
2014.04.16 20:59:59.205,1.79225,1.79258,0.83,0.10
